2690 3536
294 238 480 282 Omissis
506 237 643 297 igitur
670 235 871 280 uersibus
897 235 999 278 sat)
1018 256 1075 266 --
1093 232 1185 276 831
1219 231 1404 278 alterius
1427 232 1639 292 strophae
1665 230 1755 279 boc
1779 234 1862 278 crit
1887 233 2086 279 initium:

838 332 1055 388 Quasque
1083 327 1310 389 pertundit
1335 329 1564 374 subiturus
1592 343 1765 389 aequor

839 399 1065 459 segnibus
1092 401 1223 444 terris
1249 398 1484 444 Titaresos
1510 398 1673 443 uadis?

840 468 995 512 Pelion
1024 484 1209 527 regnam
1240 466 1424 512 Prothoi
1451 468 1692 526 superbum
1717 476 1764 511 et
1788 484 1829 527 q.
1859 485 1893 510 s.

162 577 251 619 lam
291 575 400 619 duas
437 574 648 617 hahemus
686 571 892 631 strophas
930 571 1093 615 adonio
1136 571 1309 614 clausas
1346 568 1505 629 quibus
1540 569 1800 613 Thessaliae
1835 570 2047 630 regiones
2083 570 2399 616 describuntur
2431 588 2548 632 quae

157 644 391 688 fortissima
427 642 587 686 auxilia
614 641 801 685 Achaeis
837 642 1042 684 miserant
1077 640 1119 683 in
1145 640 1312 683 Troiae
1345 639 1466 684 urbia
1492 638 1743 692 discidium,
1790 638 2000 683 Herculis
2027 652 2175 684 arcum
2203 640 2378 685 Achillis
2406 641 2548 687 uirtu-

157 723 260 759 tem.
289 727 496 770 quaeque
523 711 710 770 captiuis
737 711 928 754 omnium
957 717 1083 753 erant
1108 709 1323 768 proxima.

293 813 429 859 Addit
463 818 637 857 tertiana
675 812 923 871 stropham:
967 810 1171 870 sequitur
1196 811 1388 855 Euboea
1422 810 1562 854 insula
1597 826 1682 854 non
1718 810 1855 871 longe
1893 810 2062 855 distans
2099 826 2122 854 a
2149 812 2257 855 locis
2293 827 2428 873 supra
2468 813 2547 857 de-

157 885 332 944 scriptis
366 899 496 942 quam
531 883 675 927 statim
714 881 939 940 excipiunt
966 880 1196 940 Calydnae
1231 881 1399 924 insulae
1426 881 1562 925 instar
1588 880 1781 925 omnium
1808 888 2034 938 quotquot
2060 896 2141 939 per
2166 883 2399 940 Aegaeum
2425 897 2547 928 mare

158 954 388 1014 dispersae
424 962 526 996 sunt
561 952 798 995 insularum
837 950 1009 994 facilem
1049 952 1194 994 nautis
1230 950 1397 994 aditum
1425 949 1747 1009 praebentium.
1821 948 1931 993 lnde
1958 957 2175 993 terrarum
2203 950 2404 995 ordinem
2430 966 2547 1011 geo·

155 1023 417 1083 graphicum
455 1022 724 1080 unquentum
763 1019 969 1079 relinquit
1003 1027 1134 1079 poeta
1171 1028 1356 1078 propter
1392 1018 1595 1063 locurum
1636 1027 1837 1063 naturam
1875 1032 1960 1062 noa
1992 1018 2234 1063 absimilem
2261 1020 2545 1065 Gonoessam

154 1101 201 1137 et
226 1093 420 1151 Enispen
448 1089 661 1148 Calydnis
694 1096 910 1133 κωπῆς.
985 1102 1172 1147 quarum
1207 1088 1404 1148 epitheta
1440 1090 1608 1146 (uento
1642 1088 1796 1134 facilus
1821 1113 1891 1121 —
1920 1102 2079 1133 carens
2116 1101 2338 1148 omnam
2374 1090 2542 1150 uento)

156 1171 341 1221 propter
352 1165 475 1205 nenti
490 1160 802 1218 repetitionem
823 1174 1090 1218 quamquam
1110 1158 1252 1217 primo
1271 1167 1518 1216 conspectu
1540 1157 1791 1216 displicent,
1811 1165 1958 1201 tamen
1980 1158 2151 1202 ueniam
2173 1157 2339 1203 habent
2361 1166 2548 1218 propter

153 1232 370 1287 λιιόιςια.
446 1229 556 1274 lnde
593 1230 647 1272 ab
686 1229 838 1273 insulis
873 1227 1055 1292 (quibus
1090 1227 1375 1273 similitudine
1411 1236 1577 1271 tantum
1616 1227 1702 1270 loci
1730 1227 1969 1270 Gonoessa
2005 1235 2052 1271 et
2077 1227 2247 1287 Enispe
2282 1226 2544 1284 adbaerent,

153 1316 240 1344 non
282 1300 353 1344 uia
387 1298 473 1346 buc
512 1297 730 1359 ducente)
774 1297 830 1342 ad
867 1298 1031 1342 Atticas
1075 1298 1285 1357 regiones
1321 1297 1601 1356 captiuarum
1636 1304 1826 1340 mentem
1862 1295 2031 1340 itineris
2066 1310 2308 1344 memorem
2344 1293 2544 1343 deflectit

153 1378 306 1428 poeta,
334 1368 545 1414 Eleusina
573 1367 902 1427 Salaminaque.
978 1366 1138 1425 quibus
1166 1367 1240 1425 qui
1269 1364 1500 1426 praecedit
1525 1381 1707 1410 uersus:

942 1470 1087 1514 Attica
1114 1469 1317 1529 pendens
1343 1468 1624 1528 Peparethos
1651 1483 1730 1512 ora

152 1575 351 1621 editores
378 1574 509 1619 ualde
535 1574 732 1626 uexauit,
768 1589 866 1617 nam
894 1573 950 1618 de
978 1573 1233 1633 Peparetho
1283 1573 1427 1617 insula
1458 1573 1571 1616 haec
1608 1572 1693 1616 dici
1728 1588 1862 1631 posse
1899 1572 1996 1631 quis
2034 1586 2228 1630 unquam
2264 1571 2542 1617 crediderit?

151 1653 230 1689 aut
264 1643 402 1703 igitur
433 1643 598 1688 errauit
624 1645 797 1687 Seneca
834 1669 901 1675 —
937 1652 982 1687 et
1017 1659 1167 1687 errare
1194 1642 1370 1702 quidem
1406 1651 1450 1686 et
1482 1642 1555 1686 ille
1582 1643 1726 1701 potuit
1751 1642 1824 1700 qui
1850 1641 1959 1685 Tro.
1989 1657 2030 1685 u.
2060 1643 2089 1684 9
2117 1640 2328 1700 frigidum
2354 1649 2540 1701 septena

153 1714 327 1758 Tanain
363 1728 439 1756 ora
477 1711 744 1772 pandentem
779 1711 899 1755 dicat
937 1712 1191 1771 eodemque
1229 1712 1364 1756 modo
1400 1721 1487 1755 nat.
1523 1720 1697 1770 quaest.
1726 1711 1781 1754 Vl
1821 1727 1859 1754 c.
1888 1712 1912 1753 7
1959 1712 1976 1753 l
2058 1710 2220 1754 Istrum
2256 1725 2356 1753 cum
2393 1709 2539 1756 Tanai

153 1781 399 1827 confundat
420 1782 683 1839 (Danubius
710 1817 719 1825 .
748 1816 755 1823 .
786 1815 794 1823 .
824 1814 834 1824 .
864 1782 1135 1826 Sarmaticos
1160 1782 1353 1840 impetus
1380 1780 1592 1825 cohibens
1619 1788 1664 1824 et
1690 1780 1919 1840 Europam
1938 1779 2178 1838 Asiamque
2204 1779 2540 1829 disterminans)

154 1878 215 1885 —
245 1861 323 1896 aut
348 1851 520 1895 Atticae
552 1851 699 1895 locum
733 1850 955 1909 quendam
995 1851 1137 1895 uoluit
1170 1850 1439 1910 significare,
1477 1865 1564 1894 non
1592 1849 1778 1894 insulam
1805 1848 2027 1893 'rhu-aciae
2063 1848 2270 1900 uicinam,
2314 1864 2432 1907 quae
2467 1863 2541 1893 res

151 1921 352 1980 quamuis
387 1919 529 1964 uideri
569 1921 709 1979 possit
740 1919 910 1963 scholio
945 1919 1204 1979 Sophocleo
1241 1917 1297 1964 ad
1334 1919 1616 1964 Philoctetae
1651 1934 1692 1962 u.
1730 1920 1827 1962 565
1864 1918 2022 1961 muniri
2067 1933 2157 1976 quo
2194 1917 2368 1962 Atticae
2403 1919 2540 1976 δῆμον

151 1990 212 2034 ita
238 1989 374 2034 fuisse
400 1990 670 2034 nominatum
698 1988 899 2043 traditur,
935 1998 1080 2033 tamen
1108 1990 1256 2033 obstat
1283 1987 1405 2048 quod
1434 1988 1560 2033 testis
1592 1987 1699 2031 alius
1726 1987 1783 2031 de
1810 2003 1866 2030 eo
1894 1986 2024 2030 demo
2052 2002 2139 2030 non
2166 1985 2296 2030 adest
2321 1994 2368 2031 et
2392 1987 2431 2030 ei
2459 1986 2540 2045 qui

152 2058 295 2109 adeat,
321 2073 456 2116 quum
478 2058 714 2118 Sophoclis
741 2058 878 2101 uerba
905 2059 1000 2102 sine
1027 2058 1113 2102 ulla
1142 2058 1422 2102 dubitatione
1443 2057 1628 2101 insulam
1654 2055 1864 2110 indicent,
1892 2055 2004 2100 fides
2031 2065 2100 2099 est
2125 2053 2418 2100 detrahenda.
2458 2063 2538 2100 aut

155 2126 349 2187 denique
374 2127 633 2173 coniectura
660 2126 967 2171 emendandus
993 2127 1121 2171 locus
1148 2129 1246 2180 erit,
1291 2127 1362 2170 cui
1390 2126 1471 2171 uiri
1499 2125 1621 2170 docti
1647 2125 2015 2184 intemperantius
2039 2124 2329 2184 indulgentes
2354 2131 2537 2185 praeter

153 2197 433 2257 participium
470 2212 571 2255 pen
588 2195 723 2239 dens
762 2196 906 2239 omnia
948 2197 1084 2240 uerba
1111 2203 1350 2240 tentarunt.
1426 2195 1583 2239 Melius
1610 2211 1738 2254 quam
1766 2195 1902 2238 ceteri
1929 2192 2142 2237 Heinsius
2170 2195 2265 2253 egit
2290 2209 2426 2253 quum
2453 2208 2534 2253 pro

154 2265 297 2310 Attica
335 2267 532 2310 Thracia
570 2265 810 2319 scriberet,
855 2266 925 2308 cui
960 2274 1106 2310 tamen
1147 2266 1390 2324 praestabit
1423 2275 1467 2308 et
1501 2264 1721 2308 sententia
1766 2271 1812 2307 et
1843 2263 1980 2307 literis
2015 2274 2151 2321 atque
2186 2273 2372 2323 propter
2403 2261 2536 2307 libra·

154 2334 319 2378 riorum
355 2334 633 2393 frequentem
668 2349 865 2378 errorem
892 2339 1101 2379 Arctr'ca.
1144 2334 1202 2378 ita
1230 2343 1281 2379 ut
1314 2350 1366 2378 ex
1404 2347 1540 2378 aurae
1574 2334 1813 2392 asperitate
1844 2346 1960 2391 quae
1986 2331 2335 2391 septemtrionali
2361 2332 2536 2392 regioni

181 2402 416 2462 lerumque
442 2411 510 2447 est
537 2403 730 2463 propria,
775 2402 981 2447 adiuncta
1011 2403 1212 2447 Chalcidi
1240 2402 1454 2462 Calydnis
1481 2404 1746 2447 Gonoessae
1772 2401 1971 2460 Enispae
2005 2400 2136 2445 etiam
2162 2401 2271 2445 haec
2296 2401 2353 2446 sit
2376 2400 2535 2446 iss-ta.

151 2419 286 2516 ¹{dane
323 2482 469 2516 autem
505 2471 691 2516 insulam
716 2471 759 2516 in
786 2473 996 2533 catalogo
1024 2473 1268 2517 Homerico
1297 2488 1433 2532 quum
1460 2471 1783 2526 desideremus,
1826 2486 1879 2515 ex
1906 2470 1979 2514 illo
2008 2469 2289 2514 Philoctetae
2311 2468 2417 2515 loco
2444 2483 2535 2526 quo

154 2551 445 2585 mercatorem
481 2554 534 2584 ex
568 2540 649 2584 llio
686 2537 969 2601 Peparethon
1006 2559 1055 2586 se
1092 2540 1396 2586 conferentem
1431 2540 1676 2585 introducit
1711 2538 1960 2599 Sophocles
1994 2537 2090 2583 sine
2127 2554 2179 2582 ex
2214 2537 2381 2583 Ouidio
2417 2553 2535 2583 sum-

155 2610 297 2668 psisse
332 2610 521 2653 coniicio
557 2610 631 2668 qui
669 2611 774 2653 Met.
811 2610 888 2654 tt!
919 2611 1017 2654 469
1059 2612 1183 2655 470:
1229 2614 1285 2655 At
1319 2626 1405 2655 non
1443 2609 1621 2655 Oliaros
1658 2607 1974 2668 Didymaeque
2009 2620 2052 2652 et
2089 2604 2244 2653 'Penus
2278 2616 2324 2653 et
2361 2607 2535 2653 Anum

155 2679 215 2724 Bt
241 2681 420 2738 Gyaros
446 2677 728 2736 nitidaequae
754 2679 876 2722 ferax
907 2682 1175 2738 Peparethos
1199 2680 1347 2724 oliuae
1373 2679 1621 2724 Gnosiacas
1650 2679 1808 2723 iuuere
1834 2686 1966 2723 rates.

293 2780 470 2825 Debilia
496 2790 598 2825 sunt
622 2792 885 2841 argumenta
913 2792 1047 2841 atque
1074 2797 1217 2842 paene
1244 2782 1424 2827 ridicula
1451 2782 1611 2841 quibus
1643 2781 1890 2826 defendere
1916 2780 2159 2825 uoluerunt
2183 2779 2370 2824 Eleusin
2398 2780 2534 2823 nomi·

158 2850 354 2893 natiuum
389 2866 584 2909 quocum
618 2851 765 2895 statim
792 2851 1081 2911 coniungitur
1112 2852 1396 2896 accusatiuus
1422 2853 1651 2895 Salamina
1679 2864 1842 2894 ueram.
1914 2849 2014 2894 Sed
2047 2863 2133 2893 non
2166 2858 2234 2893 est
2257 2848 2536 2893 mrsu-torum

157 2918 302 2978 culpa.
376 2935 471 2962 nam
517 2919 639 2979 quod
681 2921 723 2964 in
758 2920 960 2964 omnibus
997 2921 1162 2981 legitur
1197 2923 1426 2965 Salamiua
1459 2923 1559 2965 nero·
1589 2920 1648 2964 ita
1682 2933 1770 2964 non
1799 2917 2094 2963 emendarunt
2123 2917 2205 2962 sed
2240 2924 2537 2977 corruperunt

158 2996 510 3046 corruptumque
545 2988 728 3049 indigna
763 2998 898 3048 poeta
935 2988 1106 3033 ratione
1131 3000 1235 3034 sunt
1259 2989 1553 3048 interpretati.
1629 3004 1713 3033 nec
1740 2988 1797 3032 de
1824 3001 1931 3033 uero
1958 2989 2094 3032 Aiace
2119 3001 2201 3031 nec
2229 2985 2287 3031 de
2313 2986 2536 3031 Salamine

159 3070 265 3100 uera
312 3056 385 3100 ille
421 3057 662 3115 cogitauit.
703 3057 783 3102 sed
811 3058 1037 3102 Salamina
1076 3059 1346 3103 nominatiuo
1374 3067 1443 3103 est
1469 3073 1599 3105 usus.
1642 3073 1773 3116 quam
1811 3058 1996 3101 nominis
2020 3056 2208 3101 formam
2235 3056 2320 3100 etsi
2347 3055 2535 3100 Wesen-

157 3124 341 3184 bergius
384 3124 536 3169 nescio
577 3126 734 3185 quibus
773 3128 1015 3171 rationibus
1050 3142 1287 3173 remouere
1319 3128 1490 3173 studuit
1519 3142 1576 3171 ex
1612 3127 1846 3171 Cicero-30
1880 3126 2064 3171 Ῥακά.
2102 3127 2120 3169 1
2157 3127 2223 3171 48
2255 3122 2384 3185 (anto
2417 3124 2536 3170 calm
