<?xml version="1.0" encoding="UTF-8"?>
<!DOCTYPE html PUBLIC "-//W3C//DTD XHTML 1.0 Transitional//EN"
    "http://www.w3.org/TR/xhtml1/DTD/xhtml1-transitional.dtd">
<html xmlns="http://www.w3.org/1999/xhtml" xml:lang="en" lang="en">
 <head>
  <title>
</title>
<meta http-equiv="Content-Type" content="text/html;charset=utf-8" />
  <meta name='ocr-system' content='tesseract 3.04.00' />
  <meta name='ocr-capabilities' content='ocr_page ocr_carea ocr_par ocr_line ocrx_word'/>
</head>
<body>
  <div class='ocr_page' id='page_1' title='image "./observatoruminse00peipuoft_0021.png"; bbox 0 0 2690 3536; ppageno 0'>
   <div class='ocr_carea' id='block_1_1' title="bbox 1299 115 1368 185">
    <p class='ocr_par' dir='ltr' id='par_1_1' title="bbox 1299 115 1368 185">
     <span class='ocr_line' id='line_1_1' title="bbox 1299 115 1368 185; baseline 0 -27"><span class='ocrx_word' id='word_1_1' title='bbox 1299 115 1368 185; x_wconf 19' lang='lat'><strong>*15</strong></span> 
     </span>
    </p>
   </div>
   <div class='ocr_carea' id='block_1_2' title="bbox 106 270 2524 335">
    <p class='ocr_par' dir='ltr' id='par_1_2' title="bbox 106 270 2524 335">
     <span class='ocr_line' id='line_1_2' title="bbox 106 270 2524 335; baseline -0.001 -13"><span class='ocrx_word' id='word_1_2' title='bbox 106 296 110 300; x_wconf 84' lang='lat'>·</span> <span class='ocrx_word' id='word_1_3' title='bbox 145 277 444 334; x_wconf 61' lang='lat' dir='ltr'><strong>Saloninam]</strong></span> <span class='ocrx_word' id='word_1_4' title='bbox 482 277 620 335; x_wconf 87' lang='lat' dir='ltr'><strong>ipsam</strong></span> <span class='ocrx_word' id='word_1_5' title='bbox 646 276 888 334; x_wconf 71' lang='lat' dir='ltr'><strong>Neptunus</strong></span> <span class='ocrx_word' id='word_1_6' title='bbox 921 275 1094 327; x_wconf 81' lang='lat' dir='ltr'>obruet,</span> <span class='ocrx_word' id='word_1_7' title='bbox 1136 289 1265 332; x_wconf 88' lang='lat' dir='ltr'><strong>quam</strong></span> <span class='ocrx_word' id='word_1_8' title='bbox 1295 273 1519 318; x_wconf 81' lang='lat' dir='ltr'><strong>Salaminii</strong></span> <span class='ocrx_word' id='word_1_9' title='bbox 1551 274 1727 332; x_wconf 76' lang='lat' dir='ltr'><strong>tropaei</strong></span> <span class='ocrx_word' id='word_1_10' title='bbox 1757 273 2040 330; x_wconf 75' lang='lat' dir='ltr'><strong>memoriam)</strong></span> <span class='ocrx_word' id='word_1_11' title='bbox 2065 270 2117 330; x_wconf 84' lang='grc' dir='ltr'><strong>Ι).</strong></span> <span class='ocrx_word' id='word_1_12' title='bbox 2190 281 2343 319; x_wconf 83' lang='lat' dir='ltr'><strong>tuetur</strong></span> <span class='ocrx_word' id='word_1_13' title='bbox 2379 281 2524 320; x_wconf 81' lang='lat' dir='ltr'><strong>tamen</strong></span> 
     </span>
    </p>
   </div>
   <div class='ocr_carea' id='block_1_3' title="bbox 147 342 2525 471">
    <p class='ocr_par' dir='ltr' id='par_1_3' title="bbox 147 342 2525 471">
     <span class='ocr_line' id='line_1_3' title="bbox 147 342 2525 400; baseline -0.001 -9"><span class='ocrx_word' id='word_1_14' title='bbox 147 347 347 394; x_wconf 64' lang='lat' dir='ltr'><strong>lustinus</strong></span> <span class='ocrx_word' id='word_1_15' title='bbox 381 346 427 389; x_wconf 83' lang='grc' dir='ltr'><strong><em>Π</em></strong></span> <span class='ocrx_word' id='word_1_16' title='bbox 464 348 489 387; x_wconf 89' lang='grc'><strong>7</strong></span> <span class='ocrx_word' id='word_1_17' title='bbox 531 348 588 388; x_wconf 79' lang='lat'><strong>7:</strong></span> <span class='ocrx_word' id='word_1_18' title='bbox 659 344 913 388; x_wconf 68' lang='lat' dir='ltr'><strong>Salamine</strong></span> <span class='ocrx_word' id='word_1_19' title='bbox 946 343 1130 387; x_wconf 87' lang='lat' dir='ltr'><strong>insulae.</strong></span> <span class='ocrx_word' id='word_1_20' title='bbox 1186 342 1330 386; x_wconf 83' lang='lat' dir='ltr'>XLIV</span> <span class='ocrx_word' id='word_1_21' title='bbox 1367 344 1396 387; x_wconf 88' lang='lat'><strong>3</strong></span> <span class='ocrx_word' id='word_1_22' title='bbox 1436 345 1487 386; x_wconf 74' lang='lat'><strong>2:</strong></span> <span class='ocrx_word' id='word_1_23' title='bbox 1561 343 1714 386; x_wconf 77' lang='lat' dir='ltr'><strong>urbem</strong></span> <span class='ocrx_word' id='word_1_24' title='bbox 1747 342 1921 386; x_wconf 84' lang='lat' dir='ltr'><strong>nomine</strong></span> <span class='ocrx_word' id='word_1_25' title='bbox 1957 343 2165 400; x_wconf 80' lang='lat' dir='ltr'><strong>antiquae</strong></span> <span class='ocrx_word' id='word_1_26' title='bbox 2199 344 2365 400; x_wconf 77' lang='lat' dir='ltr'><strong>patriae</strong></span> <span class='ocrx_word' id='word_1_27' title='bbox 2397 345 2525 390; x_wconf 77' lang='lat' dir='ltr'><strong>Sala-</strong></span> 
     </span>
     <span class='ocr_line' id='line_1_4' title="bbox 148 410 2524 471; baseline -0.001 -11"><span class='ocrx_word' id='word_1_28' title='bbox 148 421 308 460; x_wconf 71' lang='lat' dir='ltr'><strong>minam</strong></span> <span class='ocrx_word' id='word_1_29' title='bbox 333 413 602 458; x_wconf 78' lang='lat' dir='ltr'><strong>condidisse.</strong></span> <span class='ocrx_word' id='word_1_30' title='bbox 677 412 805 456; x_wconf 79' lang='lat' dir='ltr'><strong>Veri</strong></span> <span class='ocrx_word' id='word_1_31' title='bbox 838 419 984 455; x_wconf 89' lang='lat' dir='ltr'><strong>autem</strong></span> <span class='ocrx_word' id='word_1_32' title='bbox 1011 427 1098 455; x_wconf 92' lang='lat' dir='ltr'><strong>non</strong></span> <span class='ocrx_word' id='word_1_33' title='bbox 1127 410 1282 455; x_wconf 88' lang='lat' dir='ltr'><strong>dubito</strong></span> <span class='ocrx_word' id='word_1_34' title='bbox 1310 411 1413 469; x_wconf 92' lang='lat' dir='ltr'><strong>quin</strong></span> <span class='ocrx_word' id='word_1_35' title='bbox 1439 410 1664 456; x_wconf 89' lang='lat' dir='ltr'><strong>literarum</strong></span> <span class='ocrx_word' id='word_1_36' title='bbox 1691 410 1971 455; x_wconf 76' lang='lat' dir='ltr'><strong>similitudine</strong></span> <span class='ocrx_word' id='word_1_37' title='bbox 1995 427 2018 454; x_wconf 84' lang='lat' dir='ltr'><strong>r</strong></span> <span class='ocrx_word' id='word_1_38' title='bbox 2043 418 2090 454; x_wconf 89' lang='lat' dir='ltr'><strong>et</strong></span> <span class='ocrx_word' id='word_1_39' title='bbox 2113 427 2135 454; x_wconf 77' lang='lat' dir='ltr'><strong>s</strong></span> <span class='ocrx_word' id='word_1_40' title='bbox 2161 411 2338 471; x_wconf 87' lang='lat' dir='ltr'><strong>decepti</strong></span> <span class='ocrx_word' id='word_1_41' title='bbox 2362 411 2524 457; x_wconf 73' lang='lat' dir='ltr'><strong>librarii</strong></span> 
     </span>
    </p>
   </div>
   <div class='ocr_carea' id='block_1_4' title="bbox 144 481 2527 969">
    <p class='ocr_par' dir='ltr' id='par_1_4' title="bbox 147 481 966 543">
     <span class='ocr_line' id='line_1_5' title="bbox 147 481 966 543; baseline -0.007 -12"><span class='ocrx_word' id='word_1_42' title='bbox 147 483 404 543; x_wconf 68' lang='lat' dir='ltr'><strong>scripserint</strong></span> <span class='ocrx_word' id='word_1_43' title='bbox 429 497 511 540; x_wconf 79' lang='lat' dir='ltr'><strong>pro</strong></span> <span class='ocrx_word' id='word_1_44' title='bbox 538 482 669 527; x_wconf 85' lang='lat' dir='ltr'><strong>seui</strong></span> <span class='ocrx_word' id='word_1_45' title='bbox 700 481 727 524; x_wconf 89' lang='lat' dir='ltr'><strong>i.</strong></span> <span class='ocrx_word' id='word_1_46' title='bbox 765 498 805 525; x_wconf 88' lang='lat' dir='ltr'><strong>e.</strong></span> <span class='ocrx_word' id='word_1_47' title='bbox 829 486 966 525; x_wconf 76' lang='lat' dir='ltr'><strong>saeui.</strong></span> 
     </span>
    </p>

    <p class='ocr_par' dir='ltr' id='par_1_5' title="bbox 144 565 2527 969">
     <span class='ocr_line' id='line_1_6' title="bbox 287 565 2527 626; baseline -0 -13"><span class='ocrx_word' id='word_1_48' title='bbox 287 570 436 620; x_wconf 77' lang='lat' dir='ltr'><strong>Quum</strong></span> <span class='ocrx_word' id='word_1_49' title='bbox 460 567 614 611; x_wconf 82' lang='lat' dir='ltr'><strong>ultima</strong></span> <span class='ocrx_word' id='word_1_50' title='bbox 639 567 823 626; x_wconf 85' lang='lat' dir='ltr'><strong>stropha</strong></span> <span class='ocrx_word' id='word_1_51' title='bbox 848 567 1051 611; x_wconf 85' lang='lat' dir='ltr'><strong>uersibus</strong></span> <span class='ocrx_word' id='word_1_52' title='bbox 1078 574 1287 610; x_wconf 84' lang='lat' dir='ltr'><strong>constans</strong></span> <span class='ocrx_word' id='word_1_53' title='bbox 1314 566 1603 610; x_wconf 75' lang='lat'>854-863</span> <span class='ocrx_word' id='word_1_54' title='bbox 1639 574 1819 624; x_wconf 85' lang='lat' dir='ltr'><strong>praeter</strong></span> <span class='ocrx_word' id='word_1_55' title='bbox 1853 566 2083 625; x_wconf 83' lang='lat' dir='ltr'><strong>abreptum</strong></span> <span class='ocrx_word' id='word_1_56' title='bbox 2115 566 2322 611; x_wconf 74' lang='lat' dir='ltr'><strong>adonium</strong></span> <span class='ocrx_word' id='word_1_57' title='bbox 2350 565 2527 625; x_wconf 80' lang='lat' dir='ltr'><strong>(quode</strong></span> 
     </span>
     <span class='ocr_line' id='line_1_7' title="bbox 145 634 2523 697; baseline -0.001 -14"><span class='ocrx_word' id='word_1_58' title='bbox 145 639 269 684; x_wconf 83' lang='lat' dir='ltr'><strong>initio</strong></span> <span class='ocrx_word' id='word_1_59' title='bbox 304 637 460 697; x_wconf 80' lang='lat' dir='ltr'><strong>capitis</strong></span> <span class='ocrx_word' id='word_1_60' title='bbox 496 636 709 696; x_wconf 80' lang='lat' dir='ltr'><strong>diximus)</strong></span> <span class='ocrx_word' id='word_1_61' title='bbox 745 637 803 680; x_wconf 85' lang='lat' dir='ltr'><strong>sit</strong></span> <span class='ocrx_word' id='word_1_62' title='bbox 836 635 1013 689; x_wconf 90' lang='lat' dir='ltr'><strong>tradita,</strong></span> <span class='ocrx_word' id='word_1_63' title='bbox 1060 635 1116 678; x_wconf 89' lang='lat' dir='ltr'><strong>de</strong></span> <span class='ocrx_word' id='word_1_64' title='bbox 1151 635 1312 692; x_wconf 86' lang='lat' dir='ltr'><strong>quibus</strong></span> <span class='ocrx_word' id='word_1_65' title='bbox 1352 634 1525 678; x_wconf 88' lang='lat' dir='ltr'><strong>dicatur</strong></span> <span class='ocrx_word' id='word_1_66' title='bbox 1559 642 1729 678; x_wconf 76' lang='lat' dir='ltr'><strong>restant</strong></span> <span class='ocrx_word' id='word_1_67' title='bbox 1763 649 1878 692; x_wconf 85' lang='lat' dir='ltr'><strong>quae</strong></span> <span class='ocrx_word' id='word_1_68' title='bbox 1903 635 2116 694; x_wconf 79' lang='lat' dir='ltr'><strong>leguntur</strong></span> <span class='ocrx_word' id='word_1_69' title='bbox 2139 635 2254 679; x_wconf 89' lang='lat' dir='ltr'><strong>inter</strong></span> <span class='ocrx_word' id='word_1_70' title='bbox 2278 650 2322 679; x_wconf 90' lang='lat' dir='ltr'><strong>u.</strong></span> <span class='ocrx_word' id='word_1_71' title='bbox 2352 636 2450 680; x_wconf 80' lang='lat'><strong>848</strong></span> <span class='ocrx_word' id='word_1_72' title='bbox 2476 643 2523 680; x_wconf 85' lang='lat' dir='ltr'><strong>et</strong></span> 
     </span>
     <span class='ocr_line' id='line_1_8' title="bbox 149 703 2522 764; baseline -0.002 -11"><span class='ocrx_word' id='word_1_73' title='bbox 149 708 263 753; x_wconf 81' lang='lat'>853.</span> <span class='ocrx_word' id='word_1_74' title='bbox 344 705 502 764; x_wconf 84' lang='lat' dir='ltr'><strong>quihus</strong></span> <span class='ocrx_word' id='word_1_75' title='bbox 535 706 711 750; x_wconf 84' lang='lat' dir='ltr'><strong>sublata</strong></span> <span class='ocrx_word' id='word_1_76' title='bbox 747 706 942 749; x_wconf 70' lang='lat' dir='ltr'><strong>Titaresi</strong></span> <span class='ocrx_word' id='word_1_77' title='bbox 979 704 1280 762; x_wconf 78' lang='lat' dir='ltr'><strong>descriptione</strong></span> <span class='ocrx_word' id='word_1_78' title='bbox 1314 703 1411 746; x_wconf 82' lang='lat'><strong>849</strong></span> <span class='ocrx_word' id='word_1_79' title='bbox 1465 705 1564 749; x_wconf 82' lang='lat'><strong>850</strong></span> <span class='ocrx_word' id='word_1_80' title='bbox 1599 703 1847 747; x_wconf 80' lang='lat' dir='ltr'><strong>addidimus</strong></span> <span class='ocrx_word' id='word_1_81' title='bbox 1884 704 2094 762; x_wconf 81' lang='lat' dir='ltr'><strong>strophae</strong></span> <span class='ocrx_word' id='word_1_82' title='bbox 2135 705 2301 763; x_wconf 80' lang='lat' dir='ltr'><strong>primae</strong></span> <span class='ocrx_word' id='word_1_83' title='bbox 2343 719 2388 748; x_wconf 84' lang='lat' dir='ltr'><strong>u.</strong></span> <span class='ocrx_word' id='word_1_84' title='bbox 2424 705 2522 749; x_wconf 77' lang='lat'><strong>829</strong></span> 
     </span>
     <span class='ocr_line' id='line_1_9' title="bbox 150 771 2524 832; baseline -0.001 -12"><span class='ocrx_word' id='word_1_85' title='bbox 150 777 248 822; x_wconf 85' lang='lat'><strong>830</strong></span> <span class='ocrx_word' id='word_1_86' title='bbox 305 775 379 818; x_wconf 89' lang='lat' dir='ltr'><strong>ubi</strong></span> <span class='ocrx_word' id='word_1_87' title='bbox 411 790 528 832; x_wconf 87' lang='lat' dir='ltr'><strong>quae</strong></span> <span class='ocrx_word' id='word_1_88' title='bbox 562 775 843 819; x_wconf 85' lang='lat' dir='ltr'><strong>nominantur</strong></span> <span class='ocrx_word' id='word_1_89' title='bbox 877 774 1011 817; x_wconf 91' lang='lat' dir='ltr'><strong>urbes</strong></span> <span class='ocrx_word' id='word_1_90' title='bbox 1036 773 1205 817; x_wconf 77' lang='lat' dir='ltr'><strong>Olenos</strong></span> <span class='ocrx_word' id='word_1_91' title='bbox 1233 780 1279 816; x_wconf 91' lang='lat' dir='ltr'><strong>et</strong></span> <span class='ocrx_word' id='word_1_92' title='bbox 1302 771 1498 817; x_wconf 83' lang='lat' dir='ltr'><strong>Pleuron</strong></span> <span class='ocrx_word' id='word_1_93' title='bbox 1533 774 1735 832; x_wconf 78' lang='lat' dir='ltr'><strong>proxime</strong></span> <span class='ocrx_word' id='word_1_94' title='bbox 1760 772 1818 816; x_wconf 79' lang='lat' dir='ltr'><strong>ad</strong></span> <span class='ocrx_word' id='word_1_95' title='bbox 1843 772 2122 831; x_wconf 78' lang='lat' dir='ltr'><strong>Calydonem</strong></span> <span class='ocrx_word' id='word_1_96' title='bbox 2157 772 2386 832; x_wconf 83' lang='lat' dir='ltr'><strong>ponendas</strong></span> <span class='ocrx_word' id='word_1_97' title='bbox 2421 787 2524 818; x_wconf 69' lang='lat' dir='ltr'><strong>esse</strong></span> 
     </span>
     <span class='ocr_line' id='line_1_10' title="bbox 146 839 2523 899; baseline -0.001 -11"><span class='ocrx_word' id='word_1_98' title='bbox 146 844 336 889; x_wconf 86' lang='lat' dir='ltr'><strong>Homeri</strong></span> <span class='ocrx_word' id='word_1_99' title='bbox 368 844 495 887; x_wconf 90' lang='lat' dir='ltr'><strong>locus</strong></span> <span class='ocrx_word' id='word_1_100' title='bbox 534 845 638 887; x_wconf 87' lang='lat' dir='ltr'><strong>satis</strong></span> <span class='ocrx_word' id='word_1_101' title='bbox 675 843 811 887; x_wconf 92' lang='lat' dir='ltr'><strong>docet</strong></span> <span class='ocrx_word' id='word_1_102' title='bbox 843 843 881 886; x_wconf 90' lang='lat' dir='ltr'>B</span> <span class='ocrx_word' id='word_1_103' title='bbox 910 843 1007 886; x_wconf 82' lang='lat'><strong>639</strong></span> <span class='ocrx_word' id='word_1_104' title='bbox 1043 843 1170 886; x_wconf 76' lang='lat'>640:</span> <span class='ocrx_word' id='word_1_105' title='bbox 1226 846 1272 885; x_wconf 83' lang='grc' dir='ltr'><strong>οἳ</strong></span> <span class='ocrx_word' id='word_1_106' title='bbox 1294 840 1517 899; x_wconf 75' lang='grc' dir='ltr'><strong>Πλευρῶν’</strong></span> <span class='ocrx_word' id='word_1_107' title='bbox 1544 843 1749 897; x_wconf 75' lang='grc' dir='ltr'><strong><em>ἐνέμοντο</em></strong></span> <span class='ocrx_word' id='word_1_108' title='bbox 1774 848 1844 885; x_wconf 81' lang='grc' dir='ltr'><strong>καὶ</strong></span> <span class='ocrx_word' id='word_1_109' title='bbox 1868 839 2054 886; x_wconf 75' lang='grc' dir='ltr'><em>’Ώλενον</em></span> <span class='ocrx_word' id='word_1_110' title='bbox 2085 840 2152 898; x_wconf 78' lang='grc' dir='ltr'><strong>ἧὸὲ</strong></span> <span class='ocrx_word' id='word_1_111' title='bbox 2181 842 2380 899; x_wconf 77' lang='grc' dir='ltr'><em>Πυλήνην</em></span> <span class='ocrx_word' id='word_1_112' title='bbox 2406 843 2523 885; x_wconf 82' lang='grc' dir='ltr'><strong><em>Χαλ-</em></strong></span> 
     </span>
     <span class='ocr_line' id='line_1_11' title="bbox 144 910 1203 969; baseline -0.004 -12"><span class='ocrx_word' id='word_1_113' title='bbox 144 915 243 957; x_wconf 72' lang='grc' dir='ltr'><strong>κίδα</strong></span> <span class='ocrx_word' id='word_1_114' title='bbox 278 911 314 956; x_wconf 72' lang='grc' dir='ltr'><strong>τ’</strong></span> <span class='ocrx_word' id='word_1_115' title='bbox 340 911 547 967; x_wconf 73' lang='grc' dir='ltr'><em>ἀγχίαλον</em></span> <span class='ocrx_word' id='word_1_116' title='bbox 571 911 818 956; x_wconf 75' lang='grc' dir='ltr'><strong>Καλυδῶνά</strong></span> <span class='ocrx_word' id='word_1_117' title='bbox 842 929 888 955; x_wconf 83' lang='grc' dir='ltr'><strong>τε</strong></span> <span class='ocrx_word' id='word_1_118' title='bbox 913 910 1203 969; x_wconf 74' lang='grc' dir='ltr'><strong><em>πετρήεσσαν.</em></strong></span> 
     </span>
    </p>
   </div>
   <div class='ocr_carea' id='block_1_5' title="bbox 143 995 2523 1948">
    <p class='ocr_par' dir='ltr' id='par_1_6' title="bbox 143 995 2523 1661">
     <span class='ocr_line' id='line_1_12' title="bbox 287 995 2519 1055; baseline -0.001 -14"><span class='ocrx_word' id='word_1_119' title='bbox 287 999 411 1048; x_wconf 86' lang='lat' dir='ltr'><strong>Quas</strong></span> <span class='ocrx_word' id='word_1_120' title='bbox 422 998 627 1041; x_wconf 82' lang='lat' dir='ltr'><strong>Aetoliae</strong></span> <span class='ocrx_word' id='word_1_121' title='bbox 653 998 787 1041; x_wconf 83' lang='lat' dir='ltr'><strong>urbes</strong></span> <span class='ocrx_word' id='word_1_122' title='bbox 814 997 920 1055; x_wconf 91' lang='lat' dir='ltr'><strong>quid</strong></span> <span class='ocrx_word' id='word_1_123' title='bbox 949 997 1098 1040; x_wconf 80' lang='lat' dir='ltr'><strong>obstat</strong></span> <span class='ocrx_word' id='word_1_124' title='bbox 1126 995 1361 1054; x_wconf 85' lang='lat' dir='ltr'><strong>quominus</strong></span> <span class='ocrx_word' id='word_1_125' title='bbox 1380 996 1628 1039; x_wconf 89' lang='lat' dir='ltr'><strong>Locrorum</strong></span> <span class='ocrx_word' id='word_1_126' title='bbox 1654 997 1798 1039; x_wconf 90' lang='lat' dir='ltr'><strong>statim</strong></span> <span class='ocrx_word' id='word_1_127' title='bbox 1824 1004 2067 1054; x_wconf 89' lang='lat' dir='ltr'><strong>sequantur</strong></span> <span class='ocrx_word' id='word_1_128' title='bbox 2088 997 2226 1040; x_wconf 86' lang='lat' dir='ltr'><strong>Bessa</strong></span> <span class='ocrx_word' id='word_1_129' title='bbox 2254 1002 2299 1039; x_wconf 88' lang='lat' dir='ltr'><strong>et</strong></span> <span class='ocrx_word' id='word_1_130' title='bbox 2320 996 2519 1054; x_wconf 89' lang='lat' dir='ltr'><strong>Scarphe</strong></span> 
     </span>
     <span class='ocr_line' id='line_1_13' title="bbox 145 1064 2523 1126; baseline -0.002 -15"><span class='ocrx_word' id='word_1_131' title='bbox 145 1083 256 1126; x_wconf 88' lang='lat' dir='ltr'><strong>quas</strong></span> <span class='ocrx_word' id='word_1_132' title='bbox 293 1068 499 1111; x_wconf 85' lang='lat' dir='ltr'><strong>Titareso</strong></span> <span class='ocrx_word' id='word_1_133' title='bbox 540 1067 677 1110; x_wconf 88' lang='lat' dir='ltr'><strong>fluuio</strong></span> <span class='ocrx_word' id='word_1_134' title='bbox 726 1066 829 1109; x_wconf 88' lang='lat' dir='ltr'><strong>allui</strong></span> <span class='ocrx_word' id='word_1_135' title='bbox 871 1066 1021 1123; x_wconf 91' lang='lat' dir='ltr'><strong>inepte</strong></span> <span class='ocrx_word' id='word_1_136' title='bbox 1072 1065 1253 1109; x_wconf 89' lang='lat' dir='ltr'><strong>codices</strong></span> <span class='ocrx_word' id='word_1_137' title='bbox 1301 1064 1610 1123; x_wconf 90' lang='lat' dir='ltr'><strong>editionesque</strong></span> <span class='ocrx_word' id='word_1_138' title='bbox 1657 1065 1919 1123; x_wconf 78' lang='lat' dir='ltr'><strong>perhibent?</strong></span> <span class='ocrx_word' id='word_1_139' title='bbox 1990 1065 2215 1123; x_wconf 88' lang='lat' dir='ltr'><strong>Equidem</strong></span> <span class='ocrx_word' id='word_1_140' title='bbox 2247 1065 2353 1108; x_wconf 91' lang='lat' dir='ltr'><strong>satis</strong></span> <span class='ocrx_word' id='word_1_141' title='bbox 2386 1064 2523 1108; x_wconf 88' lang='lat' dir='ltr'><strong>multa</strong></span> 
     </span>
     <span class='ocr_line' id='line_1_14' title="bbox 146 1133 2520 1193; baseline -0.002 -13"><span class='ocrx_word' id='word_1_142' title='bbox 146 1136 300 1180; x_wconf 91' lang='lat' dir='ltr'><strong>credo.</strong></span> <span class='ocrx_word' id='word_1_143' title='bbox 373 1150 474 1178; x_wconf 90' lang='lat' dir='ltr'><strong>nam</strong></span> <span class='ocrx_word' id='word_1_144' title='bbox 508 1150 638 1179; x_wconf 92' lang='lat' dir='ltr'><strong>nemo</strong></span> <span class='ocrx_word' id='word_1_145' title='bbox 676 1135 779 1178; x_wconf 89' lang='lat' dir='ltr'><strong>mihi</strong></span> <span class='ocrx_word' id='word_1_146' title='bbox 813 1133 1103 1193; x_wconf 85' lang='lat' dir='ltr'><strong>persuadebit</strong></span> <span class='ocrx_word' id='word_1_147' title='bbox 1127 1135 1405 1177; x_wconf 89' lang='lat' dir='ltr'><strong>Boeotorum</strong></span> <span class='ocrx_word' id='word_1_148' title='bbox 1440 1141 1602 1177; x_wconf 87' lang='lat' dir='ltr'><strong>terram</strong></span> <span class='ocrx_word' id='word_1_149' title='bbox 1640 1149 1696 1177; x_wconf 89' lang='lat' dir='ltr'><strong>ne</strong></span> <span class='ocrx_word' id='word_1_150' title='bbox 1732 1134 1872 1177; x_wconf 92' lang='lat' dir='ltr'><strong>uerbo</strong></span> <span class='ocrx_word' id='word_1_151' title='bbox 1908 1134 2086 1193; x_wconf 90' lang='lat' dir='ltr'><strong>quidem</strong></span> <span class='ocrx_word' id='word_1_152' title='bbox 2113 1133 2316 1193; x_wconf 86' lang='lat' dir='ltr'><strong>tetigisse</strong></span> <span class='ocrx_word' id='word_1_153' title='bbox 2342 1142 2520 1191; x_wconf 87' lang='lat' dir='ltr'><strong>poetam</strong></span> 
     </span>
     <span class='ocr_line' id='line_1_15' title="bbox 146 1202 2518 1262; baseline -0.001 -14"><span class='ocrx_word' id='word_1_154' title='bbox 146 1213 195 1249; x_wconf 90' lang='lat' dir='ltr'><strong>et</strong></span> <span class='ocrx_word' id='word_1_155' title='bbox 220 1205 428 1248; x_wconf 62' lang='lat' dir='ltr'><strong>&gt;lacunam</strong></span> <span class='ocrx_word' id='word_1_156' title='bbox 460 1204 502 1246; x_wconf 92' lang='lat' dir='ltr'><strong>in</strong></span> <span class='ocrx_word' id='word_1_157' title='bbox 540 1204 624 1247; x_wconf 88' lang='lat' dir='ltr'><strong>hac</strong></span> <span class='ocrx_word' id='word_1_158' title='bbox 661 1211 786 1262; x_wconf 89' lang='lat' dir='ltr'><strong>parte</strong></span> <span class='ocrx_word' id='word_1_159' title='bbox 820 1203 980 1246; x_wconf 84' lang='lat' dir='ltr'><strong>adesse</strong></span> <span class='ocrx_word' id='word_1_160' title='bbox 1014 1203 1109 1261; x_wconf 87' lang='lat' dir='ltr'><strong>ipsa</strong></span> <span class='ocrx_word' id='word_1_161' title='bbox 1144 1204 1383 1246; x_wconf 88' lang='lat' dir='ltr'><strong>uerborum</strong></span> <span class='ocrx_word' id='word_1_162' title='bbox 1420 1202 1673 1246; x_wconf 88' lang='lat' dir='ltr'><strong>coniunctio</strong></span> <span class='ocrx_word' id='word_1_163' title='bbox 1702 1202 1851 1255; x_wconf 84' lang='lat' dir='ltr'><strong>docet,</strong></span> <span class='ocrx_word' id='word_1_164' title='bbox 1885 1219 2020 1260; x_wconf 90' lang='lat' dir='ltr'><strong>quum</strong></span> <span class='ocrx_word' id='word_1_165' title='bbox 2047 1203 2194 1246; x_wconf 89' lang='lat' dir='ltr'><strong>subito</strong></span> <span class='ocrx_word' id='word_1_166' title='bbox 2230 1203 2272 1245; x_wconf 94' lang='lat' dir='ltr'><strong>in</strong></span> <span class='ocrx_word' id='word_1_167' title='bbox 2299 1202 2518 1245; x_wconf 87' lang='lat' dir='ltr'><strong>accusati-</strong></span> 
     </span>
     <span class='ocr_line' id='line_1_16' title="bbox 145 1269 2523 1330; baseline -0.002 -12"><span class='ocrx_word' id='word_1_168' title='bbox 145 1288 248 1318; x_wconf 87' lang='lat' dir='ltr'><strong>uum</strong></span> <span class='ocrx_word' id='word_1_169' title='bbox 283 1288 433 1316; x_wconf 92' lang='lat' dir='ltr'><strong>casum</strong></span> <span class='ocrx_word' id='word_1_170' title='bbox 468 1272 766 1317; x_wconf 89' lang='lat' dir='ltr'><strong>deflectantur</strong></span> <span class='ocrx_word' id='word_1_171' title='bbox 801 1273 976 1315; x_wconf 89' lang='lat' dir='ltr'><strong>uomina</strong></span> <span class='ocrx_word' id='word_1_172' title='bbox 1010 1272 1186 1315; x_wconf 89' lang='lat' dir='ltr'><strong>urbium</strong></span> <span class='ocrx_word' id='word_1_173' title='bbox 1225 1286 1341 1329; x_wconf 87' lang='lat' dir='ltr'><strong>quae</strong></span> <span class='ocrx_word' id='word_1_174' title='bbox 1383 1287 1517 1330; x_wconf 87' lang='lat' dir='ltr'><strong>supra</strong></span> <span class='ocrx_word' id='word_1_175' title='bbox 1561 1278 1699 1314; x_wconf 90' lang='lat' dir='ltr'><strong>totam</strong></span> <span class='ocrx_word' id='word_1_176' title='bbox 1746 1271 2098 1315; x_wconf 85' lang='lat' dir='ltr'><strong>enunciationem</strong></span> <span class='ocrx_word' id='word_1_177' title='bbox 2143 1281 2366 1330; x_wconf 85' lang='lat' dir='ltr'><strong>regerent.</strong></span> <span class='ocrx_word' id='word_1_178' title='bbox 2467 1269 2523 1313; x_wconf 91' lang='lat' dir='ltr'><strong>de</strong></span> 
     </span>
     <span class='ocr_line' id='line_1_17' title="bbox 143 1339 2521 1402; baseline -0 -17"><span class='ocrx_word' id='word_1_179' title='bbox 143 1342 434 1402; x_wconf 81' lang='lat' dir='ltr'><strong>grammatica</strong></span> <span class='ocrx_word' id='word_1_180' title='bbox 467 1341 539 1384; x_wconf 86' lang='lat' dir='ltr'><strong>illa</strong></span> <span class='ocrx_word' id='word_1_181' title='bbox 574 1342 747 1386; x_wconf 87' lang='lat' dir='ltr'><strong>ratione</strong></span> <span class='ocrx_word' id='word_1_182' title='bbox 786 1350 916 1385; x_wconf 85' lang='lat' dir='ltr'><strong>taceo</strong></span> <span class='ocrx_word' id='word_1_183' title='bbox 952 1355 1083 1398; x_wconf 89' lang='lat' dir='ltr'><strong>quam</strong></span> <span class='ocrx_word' id='word_1_184' title='bbox 1122 1340 1245 1398; x_wconf 87' lang='lat' dir='ltr'><strong>quod</strong></span> <span class='ocrx_word' id='word_1_185' title='bbox 1281 1341 1412 1384; x_wconf 88' lang='lat' dir='ltr'><strong>etiam</strong></span> <span class='ocrx_word' id='word_1_186' title='bbox 1447 1341 1706 1384; x_wconf 87' lang='lat' dir='ltr'><strong>Gronouius</strong></span> <span class='ocrx_word' id='word_1_187' title='bbox 1743 1341 1947 1399; x_wconf 87' lang='lat' dir='ltr'><strong>exemplo</strong></span> <span class='ocrx_word' id='word_1_188' title='bbox 1985 1340 2158 1384; x_wconf 88' lang='lat' dir='ltr'><strong>minime</strong></span> <span class='ocrx_word' id='word_1_189' title='bbox 2194 1347 2299 1398; x_wconf 92' lang='lat' dir='ltr'><strong>apto</strong></span> <span class='ocrx_word' id='word_1_190' title='bbox 2335 1339 2521 1398; x_wconf 85' lang='lat' dir='ltr'><strong>(Agam.</strong></span> 
     </span>
     <span class='ocr_line' id='line_1_18' title="bbox 149 1407 2522 1470; baseline -0.002 -16"><span class='ocrx_word' id='word_1_191' title='bbox 149 1413 208 1454; x_wconf 75' lang='lat'><strong>12</strong></span> <span class='ocrx_word' id='word_1_192' title='bbox 236 1413 333 1470; x_wconf 82' lang='lat' dir='ltr'><strong>sq.)</strong></span> <span class='ocrx_word' id='word_1_193' title='bbox 356 1410 513 1454; x_wconf 87' lang='lat' dir='ltr'><strong>fulcire</strong></span> <span class='ocrx_word' id='word_1_194' title='bbox 539 1411 692 1455; x_wconf 89' lang='lat' dir='ltr'><strong>studet</strong></span> <span class='ocrx_word' id='word_1_195' title='bbox 717 1411 903 1454; x_wconf 78' lang='lat' dir='ltr'><strong>maxime</strong></span> <span class='ocrx_word' id='word_1_196' title='bbox 929 1409 1168 1453; x_wconf 89' lang='lat' dir='ltr'><strong>dolendum</strong></span> <span class='ocrx_word' id='word_1_197' title='bbox 1197 1417 1289 1463; x_wconf 84' lang='lat' dir='ltr'><strong>est,</strong></span> <span class='ocrx_word' id='word_1_198' title='bbox 1336 1424 1471 1467; x_wconf 90' lang='lat' dir='ltr'><strong>quum</strong></span> <span class='ocrx_word' id='word_1_199' title='bbox 1508 1418 1611 1452; x_wconf 89' lang='lat' dir='ltr'><strong>ante</strong></span> <span class='ocrx_word' id='word_1_200' title='bbox 1649 1424 1748 1452; x_wconf 91' lang='lat' dir='ltr'><strong>eum</strong></span> <span class='ocrx_word' id='word_1_201' title='bbox 1783 1426 1871 1453; x_wconf 90' lang='lat' dir='ltr'><strong>non</strong></span> <span class='ocrx_word' id='word_1_202' title='bbox 1909 1409 2131 1452; x_wconf 82' lang='lat' dir='ltr'><strong>defuerint</strong></span> <span class='ocrx_word' id='word_1_203' title='bbox 2158 1409 2234 1466; x_wconf 91' lang='lat' dir='ltr'><strong>qui</strong></span> <span class='ocrx_word' id='word_1_204' title='bbox 2260 1408 2418 1451; x_wconf 88' lang='lat' dir='ltr'><strong>deesse</strong></span> <span class='ocrx_word' id='word_1_205' title='bbox 2444 1407 2522 1451; x_wconf 85' lang='lat' dir='ltr'><strong>ali-</strong></span> 
     </span>
     <span class='ocr_line' id='line_1_19' title="bbox 146 1477 2522 1539; baseline -0.003 -15"><span class='ocrx_word' id='word_1_206' title='bbox 146 1480 253 1539; x_wconf 83' lang='lat' dir='ltr'><strong>quid</strong></span> <span class='ocrx_word' id='word_1_207' title='bbox 286 1481 374 1523; x_wconf 89' lang='lat' dir='ltr'><strong>sint</strong></span> <span class='ocrx_word' id='word_1_208' title='bbox 411 1479 636 1537; x_wconf 88' lang='lat' dir='ltr'><strong>suspicati.</strong></span> <span class='ocrx_word' id='word_1_209' title='bbox 711 1489 756 1523; x_wconf 92' lang='lat' dir='ltr'><strong>et</strong></span> <span class='ocrx_word' id='word_1_210' title='bbox 790 1494 877 1522; x_wconf 92' lang='lat' dir='ltr'><strong>non</strong></span> <span class='ocrx_word' id='word_1_211' title='bbox 912 1494 1013 1522; x_wconf 91' lang='lat' dir='ltr'><strong>raro</strong></span> <span class='ocrx_word' id='word_1_212' title='bbox 1042 1495 1175 1536; x_wconf 91' lang='lat' dir='ltr'><strong>quum</strong></span> <span class='ocrx_word' id='word_1_213' title='bbox 1202 1479 1340 1522; x_wconf 86' lang='lat' dir='ltr'><strong>uerba</strong></span> <span class='ocrx_word' id='word_1_214' title='bbox 1366 1487 1442 1521; x_wconf 88' lang='lat' dir='ltr'><strong>aut</strong></span> <span class='ocrx_word' id='word_1_215' title='bbox 1467 1494 1624 1522; x_wconf 92' lang='lat' dir='ltr'><strong>uersus</strong></span> <span class='ocrx_word' id='word_1_216' title='bbox 1651 1478 1691 1521; x_wconf 89' lang='lat' dir='ltr'><strong>in</strong></span> <span class='ocrx_word' id='word_1_217' title='bbox 1718 1479 1849 1522; x_wconf 91' lang='lat' dir='ltr'><strong>alium</strong></span> <span class='ocrx_word' id='word_1_218' title='bbox 1875 1479 2023 1522; x_wconf 91' lang='lat' dir='ltr'><strong>locum</strong></span> <span class='ocrx_word' id='word_1_219' title='bbox 2050 1493 2203 1521; x_wconf 89' lang='lat' dir='ltr'><strong>errore</strong></span> <span class='ocrx_word' id='word_1_220' title='bbox 2229 1477 2522 1535; x_wconf 87' lang='lat' dir='ltr'><strong>transpositos</strong></span> 
     </span>
     <span class='ocr_line' id='line_1_20' title="bbox 147 1546 2523 1608; baseline -0.002 -16"><span class='ocrx_word' id='word_1_221' title='bbox 147 1547 539 1608; x_wconf 85' lang='lat' dir='ltr'><strong>deprehenderunt</strong></span> <span class='ocrx_word' id='word_1_222' title='bbox 575 1549 788 1605; x_wconf 76' lang='lat' dir='ltr'><strong>editores,</strong></span> <span class='ocrx_word' id='word_1_223' title='bbox 836 1548 964 1591; x_wconf 81' lang='lat' dir='ltr'><strong>etiam</strong></span> <span class='ocrx_word' id='word_1_224' title='bbox 1002 1563 1116 1605; x_wconf 87' lang='lat' dir='ltr'><strong>quae</strong></span> <span class='ocrx_word' id='word_1_225' title='bbox 1154 1563 1286 1606; x_wconf 89' lang='lat' dir='ltr'><strong>supra</strong></span> <span class='ocrx_word' id='word_1_226' title='bbox 1322 1556 1365 1590; x_wconf 89' lang='lat' dir='ltr'><strong>et</strong></span> <span class='ocrx_word' id='word_1_227' title='bbox 1399 1546 1510 1590; x_wconf 79' lang='lat' dir='ltr'><strong>infra</strong></span> <span class='ocrx_word' id='word_1_228' title='bbox 1545 1548 1809 1606; x_wconf 86' lang='lat' dir='ltr'><strong>legebantur</strong></span> <span class='ocrx_word' id='word_1_229' title='bbox 1842 1548 2068 1606; x_wconf 89' lang='lat' dir='ltr'><strong>scriptoris</strong></span> <span class='ocrx_word' id='word_1_230' title='bbox 2105 1548 2243 1590; x_wconf 89' lang='lat' dir='ltr'><strong>uerba</strong></span> <span class='ocrx_word' id='word_1_231' title='bbox 2267 1546 2409 1588; x_wconf 88' lang='lat' dir='ltr'><strong>labem</strong></span> <span class='ocrx_word' id='word_1_232' title='bbox 2435 1553 2523 1588; x_wconf 89' lang='lat' dir='ltr'><strong>tra-</strong></span> 
     </span>
     <span class='ocr_line' id='line_1_21' title="bbox 145 1618 489 1661; baseline 0.003 -1"><span class='ocrx_word' id='word_1_233' title='bbox 145 1618 262 1660; x_wconf 80' lang='lat' dir='ltr'><strong>xisse</strong></span> <span class='ocrx_word' id='word_1_234' title='bbox 300 1625 489 1661; x_wconf 87' lang='lat' dir='ltr'><strong>constat.</strong></span> 
     </span>
    </p>

    <p class='ocr_par' dir='ltr' id='par_1_7' title="bbox 225 1685 1718 1948">
     <span class='ocr_line' id='line_1_22' title="bbox 225 1685 1670 1730; baseline -0.003 0"><span class='ocrx_word' id='word_1_235' title='bbox 225 1687 479 1730; x_wconf 79' lang='lat' dir='ltr'><strong>scribemus</strong></span> <span class='ocrx_word' id='word_1_236' title='bbox 505 1686 699 1728; x_wconf 89' lang='lat' dir='ltr'><strong>interim:</strong></span> <span class='ocrx_word' id='word_1_237' title='bbox 772 1711 840 1717; x_wconf 97' lang='lat'>—</span> <span class='ocrx_word' id='word_1_238' title='bbox 876 1711 942 1716; x_wconf 93' lang='lat'><strong>—</strong></span> <span class='ocrx_word' id='word_1_239' title='bbox 979 1711 1047 1717; x_wconf 90' lang='lat'>—</span> <span class='ocrx_word' id='word_1_240' title='bbox 1090 1711 1146 1715; x_wconf 90' lang='lat'><strong>-—</strong></span> <span class='ocrx_word' id='word_1_241' title='bbox 1187 1711 1256 1717; x_wconf 79' lang='lat'><strong>——</strong></span> <span class='ocrx_word' id='word_1_242' title='bbox 1291 1685 1359 1717; x_wconf 72' lang='lat'><strong>—&#39;</strong></span> <span class='ocrx_word' id='word_1_243' title='bbox 1397 1711 1459 1716; x_wconf 96' lang='lat'><strong>—</strong></span> <span class='ocrx_word' id='word_1_244' title='bbox 1500 1711 1565 1717; x_wconf 91' lang='lat'><strong>-—</strong></span> <span class='ocrx_word' id='word_1_245' title='bbox 1601 1710 1670 1717; x_wconf 93' lang='lat'><strong>—</strong></span> 
     </span>
     <span class='ocr_line' id='line_1_23' title="bbox 776 1753 1489 1797; baseline -0.001 0"><span class='ocrx_word' id='word_1_246' title='bbox 776 1754 946 1797; x_wconf 88' lang='lat' dir='ltr'><strong>Olenos</strong></span> <span class='ocrx_word' id='word_1_247' title='bbox 973 1754 1101 1797; x_wconf 88' lang='lat' dir='ltr'><strong>tectis</strong></span> <span class='ocrx_word' id='word_1_248' title='bbox 1127 1753 1323 1797; x_wconf 87' lang='lat' dir='ltr'><strong>habitata</strong></span> <span class='ocrx_word' id='word_1_249' title='bbox 1349 1753 1489 1796; x_wconf 71' lang='lat' dir='ltr'><strong>raris?</strong></span> 
     </span>
     <span class='ocr_line' id='line_1_24' title="bbox 773 1821 1588 1880; baseline -0.001 -15"><span class='ocrx_word' id='word_1_250' title='bbox 773 1822 967 1880; x_wconf 86' lang='lat' dir='ltr'><strong>Virginis</strong></span> <span class='ocrx_word' id='word_1_251' title='bbox 994 1823 1192 1865; x_wconf 90' lang='lat' dir='ltr'><strong>Pleuron</strong></span> <span class='ocrx_word' id='word_1_252' title='bbox 1219 1823 1393 1865; x_wconf 87' lang='lat' dir='ltr'><strong>inimica</strong></span> <span class='ocrx_word' id='word_1_253' title='bbox 1422 1821 1588 1864; x_wconf 79' lang='lat' dir='ltr'><strong>diuae?</strong></span> 
     </span>
     <span class='ocr_line' id='line_1_25' title="bbox 777 1887 1718 1948; baseline -0.001 -14"><span class='ocrx_word' id='word_1_254' title='bbox 777 1891 866 1934; x_wconf 86' lang='lat' dir='ltr'><strong>Aut</strong></span> <span class='ocrx_word' id='word_1_255' title='bbox 891 1890 985 1933; x_wconf 79' lang='lat' dir='ltr'><strong>fera</strong></span> <span class='ocrx_word' id='word_1_256' title='bbox 1012 1901 1160 1934; x_wconf 91' lang='lat' dir='ltr'><strong>notam</strong></span> <span class='ocrx_word' id='word_1_257' title='bbox 1187 1892 1247 1934; x_wconf 80' lang='lat' dir='ltr'><strong>ad</strong></span> <span class='ocrx_word' id='word_1_258' title='bbox 1274 1889 1506 1948; x_wconf 80' lang='lat' dir='ltr'><strong>Calydona</strong></span> <span class='ocrx_word' id='word_1_259' title='bbox 1531 1905 1666 1933; x_wconf 88' lang='lat' dir='ltr'><strong>saeua</strong></span> <span class='ocrx_word' id='word_1_260' title='bbox 1680 1887 1718 1943; x_wconf 70' lang='lat'><strong>²)</strong></span> 
     </span>
    </p>
   </div>
   <div class='ocr_carea' id='block_1_6' title="bbox 772 2164 1784 2345">
    <p class='ocr_par' dir='ltr' id='par_1_8' title="bbox 772 2164 1784 2345">
     <span class='ocr_line' id='line_1_26' title="bbox 775 2164 1784 2224; baseline -0.002 -17"><span class='ocrx_word' id='word_1_261' title='bbox 775 2165 945 2207; x_wconf 88' lang='lat' dir='ltr'><strong>Bessan</strong></span> <span class='ocrx_word' id='word_1_262' title='bbox 973 2173 1017 2208; x_wconf 92' lang='lat' dir='ltr'><strong>et</strong></span> <span class='ocrx_word' id='word_1_263' title='bbox 1043 2164 1289 2224; x_wconf 85' lang='lat' dir='ltr'><strong>Scarphen,</strong></span> <span class='ocrx_word' id='word_1_264' title='bbox 1318 2164 1461 2223; x_wconf 75' lang='lat' dir='ltr'><strong>Pylon</strong></span> <span class='ocrx_word' id='word_1_265' title='bbox 1488 2179 1541 2207; x_wconf 91' lang='lat' dir='ltr'><strong>an</strong></span> <span class='ocrx_word' id='word_1_266' title='bbox 1569 2164 1784 2207; x_wconf 71' lang='lat' dir='ltr'><strong>senilem?</strong></span> 
     </span>
     <span class='ocr_line' id='line_1_27' title="bbox 772 2233 1635 2288; baseline 0 -13"><span class='ocrx_word' id='word_1_267' title='bbox 772 2233 934 2276; x_wconf 86' lang='lat' dir='ltr'><strong>Pharin</strong></span> <span class='ocrx_word' id='word_1_268' title='bbox 962 2249 1015 2276; x_wconf 90' lang='lat' dir='ltr'><strong>an</strong></span> <span class='ocrx_word' id='word_1_269' title='bbox 1041 2233 1207 2288; x_wconf 80' lang='lat' dir='ltr'><strong>pisam,</strong></span> <span class='ocrx_word' id='word_1_270' title='bbox 1239 2234 1361 2277; x_wconf 89' lang='lat' dir='ltr'><strong>Iouis</strong></span> <span class='ocrx_word' id='word_1_271' title='bbox 1388 2241 1433 2276; x_wconf 86' lang='lat' dir='ltr'><strong>et</strong></span> <span class='ocrx_word' id='word_1_272' title='bbox 1458 2234 1635 2276; x_wconf 89' lang='lat' dir='ltr'><strong>coronis</strong></span> 
     </span>
     <span class='ocr_line' id='line_1_28' title="bbox 1382 2302 1734 2345; baseline -0.003 0"><span class='ocrx_word' id='word_1_273' title='bbox 1382 2302 1515 2345; x_wconf 90' lang='lat' dir='ltr'><strong>Elida</strong></span> <span class='ocrx_word' id='word_1_274' title='bbox 1541 2302 1734 2344; x_wconf 82' lang='lat' dir='ltr'><strong>claram?</strong></span> 
     </span>
    </p>
   </div>
   <div class='ocr_carea' id='block_1_7' title="bbox 140 2383 2519 2876">
    <p class='ocr_par' dir='ltr' id='par_1_9' title="bbox 141 2383 2519 2651">
     <span class='ocr_line' id='line_1_29' title="bbox 281 2383 2519 2447; baseline -0.002 -17"><span class='ocrx_word' id='word_1_275' title='bbox 281 2388 424 2431; x_wconf 79' lang='lat' dir='ltr'><strong>Attica</strong></span> <span class='ocrx_word' id='word_1_276' title='bbox 450 2387 588 2447; x_wconf 84' lang='lat' dir='ltr'><strong>igitur</strong></span> <span class='ocrx_word' id='word_1_277' title='bbox 615 2387 765 2430; x_wconf 86' lang='lat' dir='ltr'><strong>relicta</strong></span> <span class='ocrx_word' id='word_1_278' title='bbox 791 2387 834 2429; x_wconf 92' lang='lat' dir='ltr'><strong>in</strong></span> <span class='ocrx_word' id='word_1_279' title='bbox 860 2387 1186 2431; x_wconf 89' lang='lat' dir='ltr'><strong>occidentalem</strong></span> <span class='ocrx_word' id='word_1_280' title='bbox 1210 2388 1431 2431; x_wconf 86' lang='lat' dir='ltr'><strong>Graeciae</strong></span> <span class='ocrx_word' id='word_1_281' title='bbox 1458 2395 1629 2446; x_wconf 91' lang='lat' dir='ltr'><strong>partem</strong></span> <span class='ocrx_word' id='word_1_282' title='bbox 1656 2394 1846 2430; x_wconf 86' lang='lat' dir='ltr'><strong>mentem</strong></span> <span class='ocrx_word' id='word_1_283' title='bbox 1873 2385 2084 2443; x_wconf 82' lang='lat' dir='ltr'><strong>dirigunt,</strong></span> <span class='ocrx_word' id='word_1_284' title='bbox 2109 2383 2325 2427; x_wconf 78' lang='lat' dir='ltr'><strong>Aetoliam</strong></span> <span class='ocrx_word' id='word_1_285' title='bbox 2351 2383 2519 2439; x_wconf 84' lang='lat' dir='ltr'><strong>[Boeo-</strong></span> 
     </span>
     <span class='ocr_line' id='line_1_30' title="bbox 141 2451 2517 2515; baseline -0.002 -15"><span class='ocrx_word' id='word_1_286' title='bbox 141 2457 244 2500; x_wconf 85' lang='lat' dir='ltr'><strong>tiam</strong></span> <span class='ocrx_word' id='word_1_287' title='bbox 271 2455 551 2500; x_wconf 87' lang='lat' dir='ltr'><strong>Phocensem</strong></span> <span class='ocrx_word' id='word_1_288' title='bbox 590 2459 764 2515; x_wconf 87' lang='lat' dir='ltr'><strong>agrum]</strong></span> <span class='ocrx_word' id='word_1_289' title='bbox 802 2455 963 2499; x_wconf 88' lang='lat' dir='ltr'><strong>deinde</strong></span> <span class='ocrx_word' id='word_1_290' title='bbox 991 2456 1286 2500; x_wconf 88' lang='lat' dir='ltr'><strong>Locrensium</strong></span> <span class='ocrx_word' id='word_1_291' title='bbox 1312 2465 1489 2499; x_wconf 91' lang='lat' dir='ltr'><strong>terram.</strong></span> <span class='ocrx_word' id='word_1_292' title='bbox 1563 2456 1776 2514; x_wconf 84' lang='lat' dir='ltr'><strong>Sequitur</strong></span> <span class='ocrx_word' id='word_1_293' title='bbox 1799 2453 2105 2513; x_wconf 85' lang='lat' dir='ltr'><strong>Peloponnesi</strong></span> <span class='ocrx_word' id='word_1_294' title='bbox 2138 2451 2380 2511; x_wconf 90' lang='lat' dir='ltr'><strong>descriptio</strong></span> <span class='ocrx_word' id='word_1_295' title='bbox 2412 2452 2517 2495; x_wconf 84' lang='lat' dir='ltr'><strong>satis</strong></span> 
     </span>
     <span class='ocr_line' id='line_1_31' title="bbox 141 2519 2515 2584; baseline -0.002 -16"><span class='ocrx_word' id='word_1_296' title='bbox 141 2532 264 2568; x_wconf 86' lang='lat' dir='ltr'><strong>arcta</strong></span> <span class='ocrx_word' id='word_1_297' title='bbox 296 2533 341 2568; x_wconf 90' lang='lat' dir='ltr'><strong>et</strong></span> <span class='ocrx_word' id='word_1_298' title='bbox 376 2539 647 2583; x_wconf 88' lang='lat' dir='ltr'><strong>compressa.</strong></span> <span class='ocrx_word' id='word_1_299' title='bbox 722 2524 887 2569; x_wconf 89' lang='lat' dir='ltr'><strong>Ultima</strong></span> <span class='ocrx_word' id='word_1_300' title='bbox 923 2524 1116 2583; x_wconf 88' lang='lat' dir='ltr'><strong>denique</strong></span> <span class='ocrx_word' id='word_1_301' title='bbox 1151 2525 1333 2584; x_wconf 86' lang='lat' dir='ltr'><strong>stropha</strong></span> <span class='ocrx_word' id='word_1_302' title='bbox 1366 2524 1569 2568; x_wconf 88' lang='lat' dir='ltr'><strong>ciuitates</strong></span> <span class='ocrx_word' id='word_1_303' title='bbox 1605 2525 1700 2568; x_wconf 89' lang='lat' dir='ltr'><strong>illas</strong></span> <span class='ocrx_word' id='word_1_304' title='bbox 1739 2524 1975 2583; x_wconf 86' lang='lat' dir='ltr'><strong>primorum</strong></span> <span class='ocrx_word' id='word_1_305' title='bbox 2009 2521 2319 2580; x_wconf 80' lang='lat' dir='ltr'><strong>complectitur</strong></span> <span class='ocrx_word' id='word_1_306' title='bbox 2354 2519 2515 2564; x_wconf 88' lang='lat' dir='ltr'><strong>chorus</strong></span> 
     </span>
     <span class='ocr_line' id='line_1_32' title="bbox 142 2593 1091 2651; baseline 0.002 -16"><span class='ocrx_word' id='word_1_307' title='bbox 142 2593 216 2651; x_wconf 83' lang='lat' dir='ltr'><strong>qui</strong></span> <span class='ocrx_word' id='word_1_308' title='bbox 241 2593 436 2637; x_wconf 89' lang='lat' dir='ltr'><strong>Achiuos</strong></span> <span class='ocrx_word' id='word_1_309' title='bbox 465 2601 620 2637; x_wconf 90' lang='lat' dir='ltr'><strong>contra</strong></span> <span class='ocrx_word' id='word_1_310' title='bbox 646 2594 828 2637; x_wconf 85' lang='lat' dir='ltr'><strong>Troiam</strong></span> <span class='ocrx_word' id='word_1_311' title='bbox 855 2593 1091 2638; x_wconf 83' lang='lat' dir='ltr'><strong>duxerunt.</strong></span> 
     </span>
    </p>

    <p class='ocr_par' dir='ltr' id='par_1_10' title="bbox 140 2676 2516 2876">
     <span class='ocr_line' id='line_1_33' title="bbox 280 2676 2512 2738; baseline -0.002 -15"><span class='ocrx_word' id='word_1_312' title='bbox 280 2680 490 2738; x_wconf 83' lang='lat' dir='ltr'><strong>Quinque</strong></span> <span class='ocrx_word' id='word_1_313' title='bbox 523 2679 891 2738; x_wconf 87' lang='lat' dir='ltr'><strong>perlustrauimus</strong></span> <span class='ocrx_word' id='word_1_314' title='bbox 929 2680 1131 2723; x_wconf 89' lang='lat' dir='ltr'><strong>carminis</strong></span> <span class='ocrx_word' id='word_1_315' title='bbox 1166 2688 1316 2738; x_wconf 88' lang='lat' dir='ltr'><strong>partes</strong></span> <span class='ocrx_word' id='word_1_316' title='bbox 1350 2680 1484 2722; x_wconf 89' lang='lat' dir='ltr'><strong>certis</strong></span> <span class='ocrx_word' id='word_1_317' title='bbox 1518 2679 1678 2722; x_wconf 85' lang='lat' dir='ltr'><strong>finibus</strong></span> <span class='ocrx_word' id='word_1_318' title='bbox 1716 2678 2072 2735; x_wconf 86' lang='lat' dir='ltr'><strong>circumscriptas</strong></span> <span class='ocrx_word' id='word_1_319' title='bbox 2109 2691 2295 2734; x_wconf 87' lang='lat' dir='ltr'><strong>qua-rum</strong></span> <span class='ocrx_word' id='word_1_320' title='bbox 2338 2677 2358 2719; x_wconf 94' lang='lat' dir='ltr'>l</span> <span class='ocrx_word' id='word_1_321' title='bbox 2409 2676 2436 2716; x_wconf 79' lang='lat'><strong>&#39;2</strong></span> <span class='ocrx_word' id='word_1_322' title='bbox 2482 2676 2512 2718; x_wconf 85' lang='grc'>4</span> 
     </span>
     <span class='ocr_line' id='line_1_34' title="bbox 147 2745 2516 2806; baseline -0.003 -14"><span class='ocrx_word' id='word_1_323' title='bbox 147 2747 309 2792; x_wconf 86' lang='lat' dir='ltr'><strong>adonio</strong></span> <span class='ocrx_word' id='word_1_324' title='bbox 338 2757 463 2792; x_wconf 89' lang='lat' dir='ltr'><strong>erant</strong></span> <span class='ocrx_word' id='word_1_325' title='bbox 498 2749 647 2792; x_wconf 87' lang='lat' dir='ltr'><strong>finitae</strong></span> <span class='ocrx_word' id='word_1_326' title='bbox 681 2749 756 2806; x_wconf 91' lang='lat' dir='ltr'><strong>qui</strong></span> <span class='ocrx_word' id='word_1_327' title='bbox 783 2749 912 2791; x_wconf 81' lang='lat' dir='ltr'><strong>etiam</strong></span> <span class='ocrx_word' id='word_1_328' title='bbox 940 2751 1120 2806; x_wconf 87' lang='lat' dir='ltr'><strong>quintae</strong></span> <span class='ocrx_word' id='word_1_329' title='bbox 1146 2747 1380 2791; x_wconf 91' lang='lat' dir='ltr'><strong>addendus</strong></span> <span class='ocrx_word' id='word_1_330' title='bbox 1407 2747 1614 2792; x_wconf 79' lang='lat' dir='ltr'><strong>uidetur..</strong></span> <span class='ocrx_word' id='word_1_331' title='bbox 1672 2747 1877 2805; x_wconf 89' lang='lat' dir='ltr'><strong>strophas</strong></span> <span class='ocrx_word' id='word_1_332' title='bbox 1906 2754 2053 2790; x_wconf 88' lang='lat' dir='ltr'><strong>autem</strong></span> <span class='ocrx_word' id='word_1_333' title='bbox 2078 2745 2173 2789; x_wconf 89' lang='lat' dir='ltr'><strong>illas</strong></span> <span class='ocrx_word' id='word_1_334' title='bbox 2201 2758 2409 2787; x_wconf 86' lang='lat' dir='ltr'><strong>uersuum</strong></span> <span class='ocrx_word' id='word_1_335' title='bbox 2435 2757 2516 2786; x_wconf 91' lang='lat' dir='ltr'><strong>nu-</strong></span> 
     </span>
     <span class='ocr_line' id='line_1_35' title="bbox 140 2811 2515 2876; baseline -0.002 -17"><span class='ocrx_word' id='word_1_336' title='bbox 140 2831 263 2860; x_wconf 90' lang='lat' dir='ltr'><strong>mero</strong></span> <span class='ocrx_word' id='word_1_337' title='bbox 289 2832 420 2876; x_wconf 89' lang='lat' dir='ltr'><strong>pares</strong></span> <span class='ocrx_word' id='word_1_338' title='bbox 446 2816 583 2860; x_wconf 83' lang='lat' dir='ltr'><strong>fuisse</strong></span> <span class='ocrx_word' id='word_1_339' title='bbox 609 2817 714 2860; x_wconf 91' lang='lat' dir='ltr'><strong>licet</strong></span> <span class='ocrx_word' id='word_1_340' title='bbox 740 2833 792 2861; x_wconf 83' lang='lat' dir='ltr'><strong>ex</strong></span> <span class='ocrx_word' id='word_1_341' title='bbox 814 2817 952 2875; x_wconf 88' lang='lat' dir='ltr'><strong>prima</strong></span> <span class='ocrx_word' id='word_1_342' title='bbox 979 2827 1023 2861; x_wconf 92' lang='lat' dir='ltr'><strong>et</strong></span> <span class='ocrx_word' id='word_1_343' title='bbox 1044 2817 1192 2861; x_wconf 91' lang='lat' dir='ltr'><strong>ultima</strong></span> <span class='ocrx_word' id='word_1_344' title='bbox 1221 2817 1435 2876; x_wconf 85' lang='lat' dir='ltr'><strong>colligere</strong></span> <span class='ocrx_word' id='word_1_345' title='bbox 1462 2832 1577 2874; x_wconf 88' lang='lat' dir='ltr'><strong>quae</strong></span> <span class='ocrx_word' id='word_1_346' title='bbox 1604 2816 1759 2860; x_wconf 91' lang='lat' dir='ltr'><strong>decem</strong></span> <span class='ocrx_word' id='word_1_347' title='bbox 1781 2823 1986 2859; x_wconf 83' lang='lat' dir='ltr'><strong>constant</strong></span> <span class='ocrx_word' id='word_1_348' title='bbox 2009 2811 2392 2871; x_wconf 74' lang='lat' dir='ltr'><strong>hendecasyllabis</strong></span> <span class='ocrx_word' id='word_1_349' title='bbox 2418 2825 2515 2855; x_wconf 89' lang='lat' dir='ltr'><strong>cum</strong></span> 
     </span>
    </p>
   </div>
   <div class='ocr_carea' id='block_1_8' title="bbox 143 2879 2517 2944">
    <p class='ocr_par' dir='ltr' id='par_1_11' title="bbox 143 2879 2517 2944">
     <span class='ocr_line' id='line_1_36' title="bbox 143 2879 2517 2944; baseline -0.002 -17"><span class='ocrx_word' id='word_1_350' title='bbox 143 2884 322 2928; x_wconf 89' lang='lat' dir='ltr'><strong>adonio.</strong></span> <span class='ocrx_word' id='word_1_351' title='bbox 395 2886 580 2930; x_wconf 83' lang='lat' dir='ltr'><strong>Tertiae</strong></span> <span class='ocrx_word' id='word_1_352' title='bbox 624 2887 762 2944; x_wconf 87' lang='lat' dir='ltr'><strong>partis</strong></span> <span class='ocrx_word' id='word_1_353' title='bbox 808 2887 939 2929; x_wconf 87' lang='lat' dir='ltr'><strong>finem</strong></span> <span class='ocrx_word' id='word_1_354' title='bbox 988 2886 1149 2929; x_wconf 89' lang='lat' dir='ltr'><strong>deesse</strong></span> <span class='ocrx_word' id='word_1_355' title='bbox 1193 2885 1286 2943; x_wconf 83' lang='lat' dir='ltr'><strong>ipsa</strong></span> <span class='ocrx_word' id='word_1_356' title='bbox 1326 2886 1548 2929; x_wconf 90' lang='lat' dir='ltr'><strong>sententia</strong></span> <span class='ocrx_word' id='word_1_357' title='bbox 1586 2885 1732 2929; x_wconf 86' lang='lat' dir='ltr'><strong>docet.</strong></span> <span class='ocrx_word' id='word_1_358' title='bbox 1786 2884 1908 2928; x_wconf 90' lang='lat' dir='ltr'><strong>nimis</strong></span> <span class='ocrx_word' id='word_1_359' title='bbox 1955 2884 2068 2928; x_wconf 90' lang='lat' dir='ltr'><strong>enim</strong></span> <span class='ocrx_word' id='word_1_360' title='bbox 2104 2882 2324 2926; x_wconf 89' lang='lat' dir='ltr'><strong>uiolenter</strong></span> <span class='ocrx_word' id='word_1_361' title='bbox 2347 2879 2517 2941; x_wconf 88' lang='lat' dir='ltr'><strong>rapitur</strong></span> 
     </span>
    </p>
   </div>
   <div class='ocr_carea' id='block_1_9' title="bbox 141 3022 2521 3136">
    <p class='ocr_par' dir='ltr' id='par_1_12' title="bbox 141 3022 2521 3136">
     <span class='ocr_line' id='line_1_37' title="bbox 272 3022 2521 3125; baseline -0.003 -57"><span class='ocrx_word' id='word_1_362' title='bbox 272 3026 479 3125; x_wconf 37' lang='lat' dir='ltr'><strong>wambe&amp;</strong></span> <span class='ocrx_word' id='word_1_363' title='bbox 504 3033 662 3070; x_wconf 87' lang='lat' dir='ltr'><strong>Sadolini</strong></span> <span class='ocrx_word' id='word_1_364' title='bbox 682 3033 941 3080; x_wconf 83' lang='lat' dir='ltr'><strong>Wesenbergii</strong></span> <span class='ocrx_word' id='word_1_365' title='bbox 971 3033 1244 3070; x_wconf 81' lang='lat' dir='ltr'><strong>Emendationes</strong></span> <span class='ocrx_word' id='word_1_366' title='bbox 1274 3033 1318 3069; x_wconf 72' lang='lat' dir='ltr'><strong>M.</strong></span> <span class='ocrx_word' id='word_1_367' title='bbox 1343 3033 1380 3069; x_wconf 85' lang='lat' dir='ltr'><strong>T.</strong></span> <span class='ocrx_word' id='word_1_368' title='bbox 1414 3033 1452 3068; x_wconf 84' lang='lat' dir='ltr'><strong>C.</strong></span> <span class='ocrx_word' id='word_1_369' title='bbox 1475 3033 1743 3069; x_wconf 80' lang='lat' dir='ltr'><strong>Tusculanarum</strong></span> <span class='ocrx_word' id='word_1_370' title='bbox 1774 3032 2061 3080; x_wconf 84' lang='lat' dir='ltr'><strong>disputationum.</strong></span> <span class='ocrx_word' id='word_1_371' title='bbox 2107 3029 2258 3077; x_wconf 76' lang='lat' dir='ltr'><strong>Viburgi</strong></span> <span class='ocrx_word' id='word_1_372' title='bbox 2280 3023 2388 3066; x_wconf 78' lang='lat'>1843</span> <span class='ocrx_word' id='word_1_373' title='bbox 2414 3022 2521 3064; x_wconf 69' lang='lat'><strong>1844</strong></span> 
     </span>
     <span class='ocr_line' id='line_1_38' title="bbox 141 3090 492 3136; baseline -0.003 -11"><span class='ocrx_word' id='word_1_374' title='bbox 141 3090 265 3134; x_wconf 78' lang='lat' dir='ltr'><strong>partic.</strong></span> <span class='ocrx_word' id='word_1_375' title='bbox 358 3100 392 3136; x_wconf 81' lang='lat' dir='ltr'><strong>p.</strong></span> <span class='ocrx_word' id='word_1_376' title='bbox 483 3115 492 3125; x_wconf 89' lang='lat'><strong><em>.</em></strong></span> 
     </span>
    </p>
   </div>
   <div class='ocr_carea' id='block_1_10' title="bbox 255 3151 1249 3204">
    <p class='ocr_par' dir='ltr' id='par_1_13' title="bbox 255 3151 1249 3204">
     <span class='ocr_line' id='line_1_39' title="bbox 255 3151 1249 3204; baseline 0.001 -12"><span class='ocrx_word' id='word_1_377' title='bbox 255 3151 293 3200; x_wconf 76' lang='lat'><strong>²)</strong></span> <span class='ocrx_word' id='word_1_378' title='bbox 325 3155 396 3192; x_wconf 81' lang='grc' dir='ltr'><strong>ΗΟ.</strong></span> <span class='ocrx_word' id='word_1_379' title='bbox 431 3152 510 3192; x_wconf 83' lang='grc'><strong>135</strong></span> <span class='ocrx_word' id='word_1_380' title='bbox 543 3156 598 3192; x_wconf 74' lang='lat' dir='ltr'><strong>Ad</strong></span> <span class='ocrx_word' id='word_1_381' title='bbox 627 3156 799 3193; x_wconf 84' lang='lat' dir='ltr'><strong>Trachina</strong></span> <span class='ocrx_word' id='word_1_382' title='bbox 833 3168 942 3194; x_wconf 90' lang='lat' dir='ltr'><strong>uocor</strong></span> <span class='ocrx_word' id='word_1_383' title='bbox 971 3168 1053 3193; x_wconf 81' lang='lat' dir='ltr'><strong>saxa</strong></span> <span class='ocrx_word' id='word_1_384' title='bbox 1086 3156 1249 3204; x_wconf 80' lang='lat' dir='ltr'><strong>rigentia.</strong></span> 
     </span>
    </p>
   </div>
  </div>
 </body>
</html>
