2690 3536
32 223 35 227 ’
42 134 78 157 εκ

1297 90 1358 137 21

119 255 337 319 ,Ἶροι-ιιιίηει
372 254 591 303 ἀίηίάεπε,
630 251 748 296 unde
782 251 922 295 altera
954 251 986 293 d
1010 249 1103 308 (cl)
1138 250 1290 294 literae
1318 257 1443 307 parte
1480 247 1555 310 (c)
1582 256 1770 307 propter
1794 249 1964 293 literam
1988 266 2016 293 a
2050 265 2165 307 quae
2191 250 2418 295 antecedit
2440 252 2518 295 ab·

142 333 320 382 sumpta
354 322 494 366 altera
516 321 584 380 (I)
611 320 772 364 lineola
797 327 1053 363 transuersa
1078 319 1119 361 in
1146 318 1188 373 s
1214 326 1380 362 mutata
1406 326 1509 361 nata
1534 325 1603 361 est
1628 317 1761 362 codd.
1788 317 1920 362 lectio
1943 317 2144 371 fundens
2171 335 2302 376 quam
2327 321 2392 363 sic
2416 335 2518 363 cor-

143 393 294 451 rigere
327 391 467 434 uoluit
500 390 784 432 Gronouius:
823 386 1084 440 fundimus.
1169 387 1313 430 Etiam
1354 387 1693 445 pherecrateum
1740 387 1814 445 qui
1858 395 1927 430 est
1971 403 2011 430 u.
2054 388 2183 430 1060
2238 393 2341 431 lunc
2385 390 2518 432 oblita

143 464 304 504 ueneni
339 458 546 502 editionis
591 458 797 516 principis
843 466 1000 499 auctor
1034 466 1203 499 mutare
1238 456 1429 498 studuit:
1474 464 1579 498 tunc
1615 455 1750 498 oblita
1789 458 1897 499 mali
1924 460 2006 499 sni.
2080 454 2161 499 sed
2196 464 2243 499 ut
2276 458 2517 501 carminum

145 528 456 586 sapphicorum
492 541 592 585 pars
632 527 753 584 prior
787 525 1006 568 clauditur
1037 523 1256 567 interdum
1292 524 1477 576 adonin,
1522 525 1581 566 ita
1617 523 1702 566 hoc
1738 524 1838 567 loco
1874 525 2118 568 sententiae
2151 525 2286 583 priori
2322 526 2417 568 finis
2452 535 2519 568 est

145 596 379 655 impositus
413 596 721 654 pherecrateo.
795 593 969 636 uidetur
1006 594 1133 636 etiam
1169 593 1316 636 locum
1351 594 1462 635 tueri
1490 592 1583 635 Silii
1608 593 1675 634 Ill
1715 608 1756 635 u.
1787 594 1878 636 301
1924 609 1948 635 a
1974 593 2178 636 Badenio
2214 602 2517 651 comparatus:

147 665 205 708 ad
231 680 420 722 quorum
447 674 603 707 cantus
632 679 810 720 serpens
836 664 968 705 oblita
995 667 1163 704 veneni.

285 755 498 799 Notanda
533 763 633 797 sunt
665 754 706 797 in
742 754 827 796 hoc
861 761 1002 795 metro
1039 767 1155 808 quae
1183 751 1422 794 earundem
1451 751 1671 794 uocalium
1698 754 2035 795 consonantium
2061 753 2326 810 syllabarum
2355 768 2517 796 uocum

148 825 341 882 denique
375 824 638 882 repetitione
673 831 717 865 et
752 836 972 865 concursu
1001 821 1164 863 effecta
1188 830 1289 863 sunt
1315 821 1483 863 aurium
1511 819 1807 863 blandimenta
1834 837 1947 878 quae
1975 837 2060 864 non
2088 821 2235 865 studio
2264 833 2308 865 et
2333 822 2515 865 consilio

148 894 347 951 quaesita
383 907 408 934 a
442 893 614 951 tragico
653 891 734 934 sed
770 891 896 934 metri
931 899 1114 932 naturae
1153 888 1405 947 imputanda
1434 889 1630 932 dixerim.
1707 890 1774 932 Ita
1802 890 1917 934 Med.
1945 892 2007 934 82
2037 891 2099 934 83
2128 890 2300 948 adspice'
2320 918 2388 924 —
2415 890 2527 934 duce·

150 963 213 1006 86
240 977 325 1005 nec
348 976 437 1004 non
489 963 552 1004 90
579 965 643 1003 sic
668 965 732 1003 sic
784 961 846 1003 88
874 958 1004 1002 cedet
1035 959 1222 1002 Castore
1248 973 1346 1001 cum
1380 973 1460 1000 suo
1488 958 1647 1000 Pollux
1674 960 1891 1002 caestibus
1918 959 2062 1017 aptior
2089 961 2148 1002 91
2181 961 2243 1002 9-2
2272 961 2419 1002 uincat
2458 993 2467 1003 .
2507 993 2518 1003 .

147 1031 215 1073 uir
263 1065 272 1073 .
322 1065 331 1072 .
384 1030 518 1073 uiros.
593 1028 670 1072 Hf.
698 1030 791 1072 871
832 1028 1020 1070 maribus
1046 1042 1181 1069 nurus
1211 1028 1340 1070 1048
1366 1026 1571 1083 scopulos
1599 1026 1731 1069 Athos
1762 1028 2006 1071 Centauros
2033 1028 2175 1071 obiter
2200 1027 2347 1071 serens
2390 1029 2518 1072 1126

151 1100 211 1142 27
265 1099 455 1141 Tartara
507 1131 515 1140 .
552 1131 560 1140 .
595 1097 681 1139 tria
759 1098 989 1139 1104-7
1030 1095 1246 1138 Australis
1268 1096 1394 1150 polus
1419 1096 1566 1137 obruet
1617 1129 1624 1137 .
1666 1131 1676 1140 .
1714 1096 1826 1139 iacet
1877 1131 1885 1141 .
1922 1131 1931 1140 .
1975 1101 2107 1141 tenet.
2182 1101 2371 1140 Arctous
2390 1099 2519 1154 polus

147 1168 309 1210 obruet.
383 1166 496 1223 Thy.
526 1166 623 1209 388
652 1165 715 1208 89
753 1166 856 1208 Rex
881 1169 946 1206 est
970 1167 1050 1220 qm·
1070 1163 1226 1206 metuit
1252 1165 1377 1214 m‘hv‘l,
1436 1165 1536 1206 Rea-
1562 1169 1627 1206 est
1652 1169 1731 1221 qni
1754 1165 1903 1223 cupiet
1929 1168 2044 1209 m'ln‘l
2100 1167 2198 1208 402
2227 1167 2255 1209 3
2294 1170 2373 1222 qm·
2393 1170 2518 1208 notus

149 1235 274 1278 nimis
301 1235 505 1278 omnibus
532 1238 704 1292 ignotus
728 1259 796 1267 —
825 1234 918 1277 391
961 1232 1087 1275 nullis
1113 1242 1230 1275 nota.
1304 1231 1478 1289 aliaque
1504 1233 1734 1289 permulta.

286 1325 528 1369 Alterum
563 1324 883 1383 glyconeorum
920 1339 1066 1383 genus
1101 1332 1169 1367 est
1203 1323 1247 1366 id
1284 1339 1373 1380 quo
1409 1332 1670 1381 quartum
1710 1323 1915 1381 Oedipi
1952 1334 2136 1368 actum
2170 1326 2310 1369 finiuit
2342 1327 2517 1369 Seneca

147 1410 192 1438 u.
230 1395 515 1438 sse—914.
587 1402 689 1435 sunt
714 1400 861 1437 autem
888 1393 1093 1436 XXXIII
1120 1408 1274 1435 uersus
1301 1408 1354 1435 ex
1382 1393 1474 1434 basi
1500 1393 1724 1436 trochaica
1754 1394 2012 1451 incipientes
2086 1409 2273 1452 quorum
2299 1395 2386 1437 XX
2412 1410 2519 1438 con·

146 1472 336 1507 tractum
368 1462 532 1505 habent
566 1462 803 1519 dactylum.
876 1463 1029 1504 incisio
1066 1462 1106 1503 in
1136 1462 1336 1504 omnibus
1364 1461 1480 1504 facta
1506 1470 1607 1504 ante
1633 1462 1825 1505 iambum
1852 1463 2063 1516 ultimum,
2109 1463 2150 1505 in
2176 1463 2289 1506 XXI
2315 1464 2518 1506 uersibus

148 1533 277 1576 etiam
316 1540 417 1590 post
454 1531 567 1573 arsin
595 1531 847 1573 secundam.
922 1531 1008 1580 Qui
1036 1530 1116 1572 hos
1145 1546 1300 1573 uersus
1339 1529 1611 1573 dimetros
1651 1531 1826 1572 troch.
1865 1532 2028 1574 catal.
2059 1532 2166 1575 dicit
2198 1532 2517 1575 Grotefendius

148 1617 202 1644 eo
230 1599 449 1644 refutatur
475 1598 594 1657 quod
619 1600 662 1641 in
686 1598 883 1642 secunda
910 1599 1019 1642 sede
1046 1615 1270 1656 nunquam
1298 1615 1379 1642 nec
1406 1599 1643 1642 trochaeus
1670 1615 1753 1642 nec
1780 1599 1982 1657 dactylus
2009 1601 2242 1657 reperitur.
2293 1601 2517 1644 trochaica

147 1670 262 1712 basis
289 1684 423 1726 quum
450 1683 505 1710 eo
533 1678 734 1726 tempore
760 1684 812 1710 ex
840 1668 1070 1726 glyconeis
1097 1683 1275 1724 prorsus
1302 1676 1422 1710 esset
1447 1669 1626 1710 exclusa
1654 1683 1783 1724 quam
1811 1669 1967 1726 prioris
1993 1670 2130 1712 seculi
2155 1678 2317 1726 poetae
2344 1670 2518 1727 saepius

147 1738 229 1781 sihi
249 1737 544 1789 indulserunt,
571 1747 640 1779 ter
661 1736 810 1779 decies
827 1737 1027 1780 Catullus
1044 1753 1079 1780 c.
1094 1737 1338 1788 XXXlIII,
1361 1736 1542 1779 consilio
1564 1747 1607 1779 et
1624 1737 1795 1780 ratione
1816 1738 1933 1780 illum
1957 1739 2116 1795 pedem
2138 1739 2366 1781 admisisse
2386 1746 2520 1796 poeta

147 1806 328 1849 uidetur
354 1814 403 1849 ut
428 1813 615 1848 metrum
641 1807 834 1863 fingeret
861 1814 906 1849 et
932 1821 1030 1848 cum
1058 1806 1353 1864 glyconeis
1382 1816 1424 1847 et
1451 1821 1550 1848 cum
1579 1805 1890 1848 trochaicis
1918 1822 2060 1863 aeque
2086 1816 2341 1865 cognatum.
2377 1809 2519 1864 Atque

150 1884 198 1918 ut
220 1874 276 1917 de
296 1875 378 1917 hac
399 1875 571 1916 ratione
598 1875 813 1917 certiores
839 1876 1047 1917 fieremus
1062 1875 1244 1917 Boetius
1265 1873 1371 1916 facit
1390 1875 1549 1932 tragici
1575 1876 1781 1928 imitator,
1807 1876 1879 1932 qui
1906 1891 2038 1932 quum
2064 1891 2241 1933 semper
2264 1875 2359 1918 fere
2384 1891 2521 1934 spon-

149 1942 317 1986 diacam
345 1942 556 1985 redderet
582 1943 719 1995 basin,
746 1958 826 2000 per
851 1952 990 1985 totum
1018 1958 1193 1986 carmen
1224 1943 1400 1986 tertium
1427 1943 1570 1999 quarti
1597 1943 1691 1985 libri
1719 1942 1917 1986 adhibuit
1941 1944 2195 1986 trochaeum
2219 1941 2269 2000 ¹).
2325 1954 2368 1987 et
2394 1943 2520 1986 simili

266 2116 292 2165 ¹)
324 2131 400 2154 nam
432 2118 499 2154 iste
530 2119 632 2155 etiam
664 2130 698 2155 u.
730 2116 785 2155 39
817 2124 872 2154 est
902 2119 1139 2166 reponendus,
1171 2118 1231 2154 ubi
1261 2114 1428 2154 uulnere
1458 2118 1492 2154 in
1524 2122 1621 2153 textu
1653 2119 1797 2154 retinuit
1826 2119 2011 2162 Obbarius,
2044 2132 2246 2167 quamquam
2277 2132 2344 2157 non
2378 2121 2514 2168 impro-

145 2177 205 2212 bat
235 2188 268 2222 p.
304 2172 379 2211 151
421 2175 514 2222 quod
554 2179 608 2211 est
646 2175 681 2211 in
722 2175 890 2212 editionis
921 2176 1044 2212 Colon.
1077 2188 1108 2212 a.
1142 2171 1252 2211 1589
1283 2174 1441 2221 margine
1471 2175 1655 2221 probatum
1687 2175 1720 2210 id
1754 2187 1772 2210 a
1802 2175 1941 2212 Vallino
1972 2173 2114 2212 ide-ere.
2175 2178 2295 2224 Neque
2326 2189 2400 2213 eam
2432 2189 2515 2213 car-

146 2232 250 2268 minis
289 2233 406 2278 legem
445 2232 479 2267 in
517 2233 586 2267 hoc
624 2243 729 2267 uersu
767 2243 898 2279 graece
940 2233 1112 2268 uertendo
1153 2232 1314 2278 neglexit
1345 2231 1527 2267 Planudes.
1561 2252 1615 2257 —
1653 2232 1808 2268 Similem
1838 2233 1983 2269 Boetius
2014 2233 2184 2270 hibridam
2215 2234 2315 2269 linxit
2343 2234 2392 2270 lv
2422 2245 2453 2270 c.
2489 2230 2516 2269 2

147 2289 206 2325 ubi
235 2287 282 2325 X
308 2290 616 2335 pherecrateorum
654 2289 753 2324 basin
783 2289 970 2335 quinquies
1000 2289 1256 2336 anapaesticam
1289 2288 1469 2334 redderet,
1495 2293 1539 2323 ut
1570 2288 1764 2323 ionicorum
1797 2290 1979 2336 prodirent
2010 2290 2155 2334 similes,
2195 2295 2231 2326 et
2259 2291 2306 2326 111
2334 2287 2359 2326 6
2391 2291 2450 2326 ubi
2482 2293 2517 2326 in

145 2345 242 2381 vlnl
270 2345 516 2391 pherecrateis
551 2349 675 2390 quater
705 2350 930 2391 anapaestum
960 2346 1172 2382 admitteret.
1233 2350 1314 2380 sunt
1344 2344 1482 2390 quidem
1515 2344 1617 2380 etiam
1650 2345 1683 2380 in
1715 2345 1792 2380 aliis
1823 2346 2032 2382 carminibus
2064 2347 2152 2382 tales
2181 2347 2416 2394 pherecratei,
2447 2347 2514 2382 sed

146 2401 364 2448 suspiciendi
402 2401 466 2437 illi.
534 2412 611 2437 nam
649 2402 680 2437 11
710 2400 748 2447 4,
777 2399 802 2436 8
840 2398 1035 2446 „bibulas
1072 2402 1160 2438 uitet
1190 2412 1316 2437 arenas
1330 2402 1354 2419 “
1389 2397 1597 2450 (Planudesz
1648 2401 1830 2446 ψάμαθον
1873 2401 1908 2437 τ’
1952 2400 2353 2454 εὗστυφὲλικτον)
2393 2408 2516 2440 contra

146 2457 341 2493 Weberum
380 2457 506 2493 frustra
546 2457 705 2493 defendit
744 2457 918 2493 Obbarius
964 2459 1028 2494 hac
1067 2459 1207 2505 glossa:
1261 2457 1433 2501 „bibulas
1466 2484 1473 2492 .
1507 2457 1622 2493 siccas
1655 2485 1663 2492 .
1696 2458 1866 2494 densas.“
1934 2464 1969 2495 et
1999 2459 2028 2495 11
2058 2456 2084 2494 2
2129 2455 2181 2495 14
2219 2460 2327 2505 „Sed
2359 2460 2517 2506 quaesita

146 2525 275 2550 uorans
305 2525 408 2549 saeua
439 2514 611 2561 rapacitas
640 2510 756 2550 Alios
784 2515 905 2561 pandit
934 2513 1076 2551 hiatus“
1107 2526 1210 2561 quum
1241 2513 1466 2549 artificiosior
1495 2513 1542 2549 sit
1571 2513 1715 2549 Obbarii
1744 2515 1916 2551 sententia
1956 2516 2063 2559 (alios
2092 2516 2116 2551 i.
2148 2527 2167 2551 e
2197 2527 2279 2552 non
2309 2513 2515 2566 uulyares)

147 2581 224 2606 cum
262 2570 396 2617 aliquot
434 2570 539 2606 codd.
580 2575 618 2606 et
656 2571 737 2606 edd.
770 2571 957 2617 legendum
990 2571 1056 2607 erit
1087 2567 1204 2607 altos.
1267 2575 1302 2605 et
1332 2570 1361 2605 11
1391 2566 1438 2614 2,
1473 2567 1524 2604 18
1586 2567 1727 2616 „Sitis
1757 2572 1911 2608 ardescit
1940 2572 2126 2608 habendi“
2166 2584 2212 2608 ex
2242 2573 2311 2609 loci
2342 2572 2517 2608 sententia

145 2627 369 2662 scribendum
401 2627 517 2674 potius
548 2631 624 2662 erat
652 2627 756 2671 siti,
788 2639 865 2662 nam
896 2625 1048 2676 cupido
1078 2628 1207 2663 dicitur
1236 2627 1349 2673 largis
1379 2626 1491 2661 fluens
1522 2627 1742 2671 muneribus,
1789 2639 1858 2664 non
1890 2629 1981 2674 sitis,
2022 2634 2058 2665 et
2087 2627 2252 2678 cupido.
2272 2630 2374 2665 etiam
2405 2629 2517 2675 magis

146 2683 344 2719 incenditur
373 2682 524 2718 habendi
554 2683 689 2719 studio.
739 2695 859 2719 uerum
889 2695 933 2719 ne
963 2683 1032 2720 siti
1061 2684 1201 2730 quidem
1232 2688 1375 2730 propter
1407 2682 1588 2718 iambicam
1619 2694 1707 2729 quae
1736 2684 1895 2730 prodiret
1922 2685 2022 2721 basin
2044 2686 2224 2722 ferendum
2246 2691 2312 2721 est.
2331 2705 2384 2711 —
2405 2685 2517 2721 Cete-

146 2751 220 2775 rum
251 2744 369 2775 tacere
409 2750 476 2775 non
508 2750 650 2786 possum
681 2751 770 2786 quae
802 2741 844 2775 ab
874 2739 1029 2776 Obbario
1060 2753 1094 2787 p.
1131 2737 1210 2775 158
1244 2736 1324 2774 159
1356 2739 1399 2774 de
1433 2739 1610 2775 Boetianis
1642 2740 1762 2775 metris
1792 2746 1873 2776 snut
1902 2742 2037 2778 adiecta
2069 2754 2108 2777 ea
2141 2747 2177 2778 et
2206 2742 2379 2789 prelarum
2411 2752 2515 2777 men-

146 2795 202 2830 dis
238 2807 319 2831 esse
359 2796 489 2831 referta
528 2800 563 2831 et
602 2795 700 2831 falsis
732 2797 776 2831 de
811 2808 848 2832 re
880 2797 954 2843 ipsa
986 2796 1211 2844 opinionibus
1243 2795 1456 2842 plenissima,
1489 2800 1526 2830 ut
1558 2807 1677 2831 eorum
1708 2797 1796 2832 fides
1827 2799 1917 2833 nulla
1949 2810 2030 2834 esse
2060 2798 2187 2845 possit.
2219 2819 2272 2823 —
2303 2799 2339 2833 In
2370 2797 2517 2834 transitu

147 2851 261 2887 Boetii
290 2852 481 2899 sapphicos
511 2852 617 2887 liceat
648 2857 796 2899 tangere
827 2853 886 2899 qui
906 2853 1099 2889 Senecanis
1129 2853 1271 2900 legibus
1302 2853 1519 2898 respondent
1549 2856 1691 2898 praeter
1722 2853 1750 2888 11
1781 2850 1807 2888 3
1832 2851 1884 2890 10
1915 2866 2036 2890 errore
2068 2860 2104 2890 ut
2135 2855 2273 2890 uidetur
2303 2854 2516 2902 typographi

147 2912 347 2954 corruptum
365 2905 570 2957 (legendum
600 2914 715 2944 autem
746 2920 852 2953 mare,
885 2920 954 2944 non
986 2907 1092 2959 mari)
1125 2914 1162 2945 et
1191 2905 1270 2945 116
1295 2906 1342 2943 15
1366 2909 1423 2943 ubi
1454 2920 1518 2955 pro
1549 2911 1709 2945 uertere
1732 2909 1863 2957 praui
1892 2912 1996 2947 uelim
2028 2911 2206 2955 „Vertere
2239 2909 2364 2947 inuisi
2392 2906 2439 2961 (s.
2456 2911 2515 2946 in-

77 3004 80 3006 ⁴
146 2960 238 3012 sani)
268 2964 401 3000 rabiem
430 2964 608 3000 Neronis“
640 2965 721 3001 coll.
754 2966 846 3001 1114
869 2963 917 3000 4:
950 2966 1083 3002 inuisus
1115 2971 1227 3001 tamen
1258 2965 1419 3001 omnibus
1449 2965 1594 3011 uigebat
1610 2965 1781 3001 Luxuriae
1797 2967 1888 3003 Nero
1927 2967 2130 3003 saeuientis.
2192 2968 2241 3002 De
2272 2968 2517 3015 sapphicorum

147 3019 378 3055 hemistichiis
416 3020 589 3067 copulatis
626 3032 702 3056 cum
743 3021 880 3058 adoniis
910 3023 971 3058 llll
1002 3021 1026 3058 5
1067 3022 1156 3059 infra
1188 3022 1255 3058 erit
1292 3021 1478 3068 agendum.
1539 3021 1575 3056 ln
1607 3022 1785 3067 glyconeo
1815 3023 1846 3058 11
1877 3020 1903 3059 3
1937 3020 1988 3059 16
2020 3024 2121 3059 ualde
2152 3023 2274 3060 dubito
2305 3035 2384 3060 num
2416 3028 2515 3059 reete

141 3077 258 3125 posita
290 3077 335 3111 sit
366 3076 511 3111 iambica
541 3077 636 3112 basis
666 3075 778 3113 bonis
809 3078 960 3124 ideoque
993 3079 1104 3114 malim
1137 3090 1214 3114 cum
1236 3079 1315 3114 cod.
1338 3078 1482 3113 Helmst.
1512 3089 1661 3123 quocum
1685 3079 1838 3114 concinit
1860 3079 2006 3125 Leyser,
2039 3080 2090 3115 sic
2112 3080 2238 3116 scribi:
2273 3078 2391 3115 (Ionis
2411 3079 2517 3115 crede

140 3132 338 3180 fugacibus.
