2690 3536
1309 97 1377 149 35

147 261 344 327 prorsus
383 258 510 304 deest
533 257 631 302 talis
658 257 868 302 transitus
893 256 1123 315 Thyestae
1149 255 1386 300 Troadum
1411 254 1601 300 Medeae
1628 253 1794 315 Oedipi
1818 253 2026 316 (praeter
2050 271 2089 301 c.
2114 257 2136 300 Ι
2160 256 2218 317 f.)
2243 256 2420 314 fabulis,
2447 258 2536 316 de-

145 328 376 375 sideratur
407 327 540 372 etiam
572 329 654 387 Ag.
680 326 704 370 1
727 325 822 369 1111
856 326 964 369 ΗΟ.
990 325 1033 378 Ι,
1087 339 1353 383 quamquam
1386 323 1457 368 hic
1482 324 1570 367 illic
1594 324 1835 369 carminum
1861 325 1960 368 finis
1985 324 2168 369 uidetur
2193 326 2404 385 abreptus
2430 342 2532 372 esse

151 397 282 446 uolut
304 396 423 455 Thy.
451 397 472 439 Ι
498 395 571 440 ubi
597 394 950 439 consentientem
975 393 1119 437 habeo
1142 393 1438 436 Gronouium.
1500 392 1846 437 Phoenissarum
1872 393 2040 438 nullum
2066 402 2275 452 superest
2298 410 2489 440 carmen.

292 499 357 544 Et
382 505 601 543 canuntur
632 500 818 540 stasima
844 498 938 550 illa,
972 497 1008 540 si
1035 495 1213 539 diuersa
1240 494 1400 539 eodem
1426 495 1601 538 nomine
1628 495 1732 539 licet
1756 495 2026 555 significare,
2062 511 2087 539 a
2112 495 2208 539 solo
2236 496 2373 540 choro
2399 513 2531 556 prae-

151 577 227 615 ter
249 570 359 615 Tro.
384 568 407 612 1
431 567 539 612 EO.
567 567 588 609 Ι
624 581 738 624 quae
772 565 887 609 inter
921 564 1108 608 chorum
1134 573 1180 608 et
1204 578 1416 623 personas
1451 571 1555 607 sunt
1581 562 1828 607 distributa.
1901 564 1973 607 De
1999 563 2231 608 Troadum
2256 565 2428 609 cantico
2454 567 2531 610 ubi

148 638 209 683 de
234 639 435 683 Hectore
471 642 517 679 et
541 635 703 679 Priami
740 632 840 677 satis
879 635 1080 692 queritur
1112 634 1305 677 Hecuba
1341 647 1439 676 cum
1468 630 1725 676 Troadibus
1759 647 1892 690 supra
1929 632 2130 676 diximus.
2204 634 2255 676 In
2282 635 2390 678 ΗΟ.
2426 649 2452 676 a
2485 651 2527 679 u.

154 708 252 752 1⁰4
279 705 337 750 ad
364 720 407 748 ιι.
435 705 532 748 232
561 719 659 747 cum
685 702 929 762 uirginibus
955 702 1178 746 Oechaliis
1205 702 1407 760 queritur
1435 701 1528 744 lole
1550 698 1602 759 ¹).
1676 700 1941 744 Addendum
1975 709 2070 744 erat
2095 701 2157 744 eis
2182 703 2529 761 Agamemnonis

147 789 329 826 carmen
354 774 424 818 111
459 788 559 816 cum
594 771 797 816 diuerbio
832 771 905 814 illo
940 771 1078 829 lyrico
1104 771 1219 814 inter
1251 770 1414 814 Iliades
1451 777 1497 814 et
1522 768 1812 824 Casandram,
1842 769 1925 812 sed
1960 784 2046 812 non
2083 777 2207 814 recte
2233 771 2378 828 quarti
2402 778 2530 816 actus

149 844 324 904 signum
350 842 544 901 positum
570 849 639 885 est
664 847 765 900 post
791 855 833 884 u.
862 841 976 894 781,
1003 847 1053 883 ut
1079 839 1281 883 diuerbio
1308 839 1509 882 finiretur
1533 846 1659 882 actus
1686 838 1856 882 tertius.
1931 837 2061 881 immo
2089 853 2115 881 a
2145 838 2400 883 Casandrae
2426 854 2530 884 uer·

148 913 216 956 bis
249 928 292 956 u.
319 913 417 956 659
454 919 637 968 quartus
673 909 827 968 incipit
861 909 987 952 cuius
1025 908 1210 952 eandem
1241 907 1337 951 fere
1363 923 1479 951 nunc
1503 906 1828 965 longitudinem
1864 922 1962 949 cum
2000 907 2161 950 ceteris
2194 923 2293 951 esse
2326 908 2529 954 uidemus

146 1008 218 1016 —
245 983 341 1024 267
371 994 529 1023 uersus
556 1005 618 1012 —
646 993 781 1036 quum
807 978 988 1020 breuior
1013 978 1070 1020 sit
1095 978 1135 1020 in
1164 976 1268 1021 edd.
1297 984 1474 1020 centum
1503 975 1705 1019 uersibus
1720 972 1784 1034 ²).

288 1082 485 1127 Stasimis
520 1087 667 1123 autem
701 1079 926 1137 plerisque
962 1094 1095 1122 unum
1128 1087 1299 1123 tantum
1333 1088 1468 1137 poeta
1498 1079 1626 1123 metri
1651 1095 1793 1139 genus
1820 1079 2019 1122 adhibuit
2043 1079 2304 1137 plerumque
2331 1094 2523 1138 anapae-

145 1153 324 1198 sticum.
396 1149 626 1208 Sapphicis
661 1148 895 1205 quinquies
931 1155 1000 1192 est
1026 1163 1148 1198 usu3‚
1191 1155 1261 1191 ter
1286 1148 1593 1206 asclepiadeis‚
1637 1148 1701 1191 bis
1729 1147 1975 1206 glyconeis,
2020 1147 2520 1206 glyconico-trochaicis

147 1220 306 1273 semel,
343 1218 479 1262 semel
508 1218 639 1261 etiam
671 1216 1008 1260 anacreonticis.
1080 1216 1203 1259 Aliae
1229 1217 1467 1260 carminum
1494 1225 1644 1275 partes
1672 1217 1765 1259 aliis
1791 1216 1941 1259 metris
1969 1224 2212 1260 exornatae
2238 1218 2523 1275 reperiuntur

144 1291 271 1336 laea.
297 1289 320 1332 Ι
364 1288 467 1331 ΗΟ.
493 1288 514 1330 Ι
555 1285 634 1330 fif.
658 1285 727 1329 111
771 1284 941 1328 Phaed.
969 1286 991 1329 Ι
1017 1286 1061 1329 ΙΙ
1086 1285 1179 1328 ΙΙΙΙ
1222 1285 1340 1329 Oed.
1368 1286 1390 1328 Ι
1426 1293 1472 1329 et
1496 1300 1611 1342 quae
1638 1286 1680 1328 in
1708 1285 1848 1328 altera
1874 1286 2255 1329 commentationis
2281 1292 2410 1342 parte
2435 1293 2524 1330 tra-

139 1359 282 1404 ctnbo
320 1359 403 1416 Ag.
438 1355 508 1398 ΙΙΙ
538 1355 633 1398 ΙΙΙΙ
676 1354 793 1397 Oed.
820 1354 973 1397 11111.
1047 1353 1220 1403 Quibus
1254 1353 1403 1398 statim
1439 1369 1494 1397 ex
1528 1354 1689 1398 ceteris
1726 1354 1989 1397 carminibus
2027 1369 2142 1412 quae
2178 1369 2264 1397 non
2300 1361 2405 1398 sunt
2435 1369 2518 1412 pro

138 1427 336 1472 stasimls
351 1424 554 1469 addimus
569 1422 760 1466 Medeae
779 1438 956 1465 carmen
978 1422 1100 1480 quod
1119 1430 1187 1466 est
1207 1423 1247 1465 in
1271 1431 1428 1480 quarto
1452 1422 1730 1482 cognominis
1751 1422 1926 1465 fabulae
1947 1423 2150 1481 episodio
2175 1437 2214 1466 u.
2232 1423 2520 1468 740—848.

142 1497 199 1542 In
236 1492 594 1555 conglutinandis
640 1500 787 1535 autem
831 1491 996 1535 diuersi
1037 1491 1215 1550 generis
1259 1493 1407 1535 metris
1443 1491 1564 1549 quod
1606 1506 1752 1548 neque
1787 1491 1874 1534 ulla
1909 1500 2092 1549 apparet
2126 1491 2198 1534 lex
2231 1506 2378 1548 neque
2413 1492 2519 1536 artis

140 1565 391 1624 «uestigium
424 1563 521 1620 quis
554 1561 735 1604 miretur
767 1562 841 1618 qui
877 1560 1130 1604 considerat
1154 1561 1196 1603 in
1227 1562 1527 1604 Romanorum
1563 1560 1783 1603 mentibus
1820 1575 2000 1602 sensum
2034 1559 2155 1603 illum
2188 1575 2278 1617 quo
2314 1559 2406 1602 aliis
2432 1574 2524 1603 me-

142 1635 229 1678 2tris
264 1633 396 1676 alium
430 1631 733 1675 characterem
777 1631 1038 1687 impressum
1078 1646 1178 1672 esse
1215 1630 1377 1672 Graeci
1423 1629 1674 1672 sentiebant
1719 1629 1967 1673 euanuisse.
2041 1628 2131 1671 Diu
2166 1635 2270 1672 ante
2307 1629 2525 1672 Senecam

141 1702 299 1747 somnia
331 1708 573 1745 metrorum
606 1713 777 1757 genera
812 1699 1012 1741 omnibus
1038 1698 1166 1741 animi
1193 1699 1383 1742 motibus
1411 1697 1714 1741 describendis
1741 1698 1955 1740 inseruire
1982 1704 2241 1754 coeperant,
2269 1696 2418 1754 quoad
2445 1697 2523 1740 de-

137 1772 246 1816 -cori
280 1786 368 1815 non
402 1784 558 1812 sensus
591 1768 670 1811 sed
707 1767 989 1810 consuetudo
1028 1758 1256 1824 quaedam>
1280 1767 1572 1824 permittebat.
1642 1766 1803 1823 Itaque
1830 1765 1952 1823 quod
1979 1774 2115 1822 poeta
2142 1765 2312 1808 Phoebi
2339 1766 2522 1810 oracula

143 1839 434 1892 hexametris,
477 1837 722 1880 orationem
748 1837 957 1879 Creontis
991 1837 1064 1894 qui
1097 1836 1234 1879 refert
1256 1835 1468 1893 Apollinis
1495 1850 1753 1892 responsum
1780 1834 2046 1878 tetrametris
2072 1833 2306 1879 trochaicis
2332 1833 2522 1891 perfecit

149 1908 296 1968 (Oed.
323 1916 408 1951 act.
435 1906 529 1964 Il),
579 1905 702 1963 quod
738 1904 923 1948 Medeae
958 1920 1134 1948 carmen
1169 1905 1508 1948 incantatorium
1545 1904 1741 1961 incipere
1776 1919 1800 1946 a
1836 1903 2103 1946 tetrametris
2137 1901 2286 1958 (Med.
2315 1910 2402 1945 act.
2428 1904 2523 1948 1111

140 1976 316 2036 med),
350 1976 558 2033 hymnum
583 1975 626 2016 in
651 1973 878 2016 Bacchum
905 1973 1049 2030 (Oed.
1076 1982 1159 2016 act.
1187 1974 1230 2015 ΙΙ
1256 1973 1396 2031 med.)
1424 1972 1689 2015 hexametris
1716 1971 1895 2023 includi,
1950 1970 2276 2028 epithalamium
2300 1970 2444 2028 (Med.
2473 1970 2521 2031 Ι)

152 2045 418 2090 hexametris
453 2043 578 2086 iussit
612 2042 748 2096 finiri,
798 2043 842 2085 in
877 2057 930 2084 eo
966 2057 1132 2085 morem
1167 2049 1349 2084 secutus
1387 2049 1454 2084 est
1489 2050 1622 2099 poeta
1657 2056 1788 2099 quem
1825 2040 2135 2097 derelinquere
2172 2055 2259 2082 non
2286 2038 2526 2083 uidebatur

139 2123 319 2174 aptum.
348 2140 413 2146 —
438 2113 542 2156 Duo
570 2111 845 2170 potissimum
872 2120 974 2154 sunt
999 2112 1237 2154 carminum
1265 2125 1457 2169 genera:

298 2220 322 2261 1
377 2215 608 2274 Sapphicis
644 2215 918 2272 aliorumque
943 2229 1159 2273 generum
1187 2213 1336 2256 metris
1364 2212 1667 2271 adiunguntur
1692 2215 1930 2268 anapaesti
1952 2211 2109 2268 quibus
2136 2211 2420 2254 continuatur
2446 2211 2525 2254 de-

153 2287 337 2345 scriptio
363 2285 422 2327 ibi
446 2283 667 2327 incohata.
738 2284 799 2326 ita
823 2283 992 2326 Phaed.
1018 2285 1038 2325 I
1066 2283 1154 2341 (51
1186 2282 1340 2340 sapph.
1364 2283 1426 2325 64
1455 2283 1675 2331 monem.)
1699 2280 1923 2323 Hercules
1949 2279 2068 2338 apud
2096 2279 2342 2336 Omphalen
2371 2279 2525 2337 depin-

138 2357 294 2416 egitur.
364 2353 481 2397 Oed.
510 2354 529 2395 I
554 2353 645 2412 (44
673 2351 824 2410 sapph.
857 2353 919 2395 94
947 2351 1106 2410 ειπερ.)
1134 2352 1269 2409 pestis
1296 2351 1513 2394 Thebana
1539 2349 1722 2408 amplius
1750 2358 1963 2392 narratur.
2001 2351 2083 2405 Ag.
2113 2348 2177 2390 111
2204 2347 2369 2391 Troiae
2397 2348 2527 2393 disci·

157 2425 276 2468 dium
310 2424 373 2466 40
410 2437 536 2479 anap.
574 2422 732 2479 quibus
767 2421 1111 2478 praemittuntur
1136 2422 1200 2462 48
1238 2434 1394 2462 uersus
1431 2433 1619 2476 quorum
1647 2418 1791 2461 adhuc
1816 2433 1959 2476 genus
1988 2416 2166 2460 dubium
2183 2414 2241 2474 3).
2315 2416 2527 2461 Oed.11[

156 2495 419 2552 Spartorum
445 2505 598 2549 pugna
626 2493 687 2533 25
716 2505 842 2548 anap.
868 2497 970 2547 post
998 2490 1060 2531 ⁵29
1090 2488 1246 2531 dubios
1272 2503 1430 2532 uersus
1458 2502 1646 2545 quorum
1672 2486 1810 2530 ultimi
1838 2494 1881 2529 et
1907 2486 2064 2528 misere
2090 2485 2270 2529 lacerati
2297 2494 2355 2539 et,
2402 2486 2526 2544 quod

276 2681 306 2729 ¹)
339 2682 393 2721 69
423 2685 556 2731 asclep.
588 2683 738 2728 Chorus,
770 2678 851 2718 102
883 2693 1035 2719 monom.
1067 2693 1167 2728 anap.
1197 2681 1283 2727 tole,
1315 2677 1367 2716 13
1399 2691 1427 2715 s.
1461 2677 1512 2716 15
1544 2690 1698 2715 mouom.
1727 2691 1826 2726 anap.
1849 2679 1984 2715 Chorus
2006 2698 2058 2704 —
2080 2689 2225 2724 uanique
2256 2690 2288 2713 ιι.
2312 2674 2394 2714 229
2434 2675 2528 2716 Vul-

140 2746 304 2793 tusque
340 2752 435 2778 suos
474 2737 648 2776 Variare
679 2740 820 2789 potest
856 2739 957 2774 abest
994 2738 1105 2774 tribus
1135 2737 1388 2773 uetustioribus
1426 2736 1685 2783 exemplaribus
1720 2736 1803 2771 Pall.
1836 2732 2068 2784 (Commelino
2105 2739 2139 2770 et
2171 2735 2319 2770 Gruter-o
2356 2734 2525 2786 testibus)

158 2796 259 2836 nlo
290 2803 325 2835 et
355 2798 522 2834 edsBas.
559 2797 647 2832 haec
685 2800 800 2831 autem
831 2806 971 2831 uersum
1009 2795 1044 2831 in
1075 2806 1185 2841 marg.
1217 2794 1430 2840 adscriptum
1459 2793 1578 2828 habet.
1638 2793 1821 2828 Praeterea
1852 2792 2027 2828 editiones
2055 2791 2186 2837 aliquot
2217 2795 2252 2826 ut
2282 2791 2527 2838 Lugdunensis

158 2855 206 2891 de
235 2866 301 2892 suo
331 2859 515 2890 attexuere
546 2852 637 2888 inter
665 2848 765 2887 mali
794 2855 828 2887 et
860 2862 978 2888 casus
1009 2852 1095 2887 hoc:
1140 2861 1214 2886 nec
1243 2848 1372 2886 seruit
1401 2847 1531 2898 inops,
1563 2849 1656 2895 quod
1688 2849 1841 2896 spurium
1873 2848 2023 2896 produnt
2054 2858 2138 2882 mss.

278 2940 319 2989 ²)
356 2943 524 2981 Tertius
553 2948 650 2979 actus
682 2943 716 2979 in
747 2943 774 2978 R
794 2939 845 2978 10
878 2942 1000 2989 incipit
1029 2954 1048 2977 a
1076 2954 1110 2978 u.
1133 2938 1216 2977 310
1246 2937 1419 2990 (Canite),
1451 2942 1622 2990 quartus
1652 2950 1737 2975 uero
1769 2939 1827 2975 ubi
1848 2939 1973 2975 tertius
1995 2936 2199 2981 editionum,
2231 2948 2265 2972 u.
2284 2933 2379 2982 3922
2411 2936 2528 2987 φύη-

144 3005 226 3040 .lus
255 3013 289 3037 u.
321 2997 403 3037 589
434 2998 526 3049 (lieu
557 3011 657 3047 quam
688 2997 807 3048 dulce)
839 3001 981 3035 sextus
1012 3011 1045 3035 u.
1076 2995 1159 3035 808
1191 2999 1326 3045 (Argos
1356 2997 1549 3043 nobilibus)
1579 2995 1767 3045 septimus
1798 3007 1830 3031 u.
1864 2990 1945 3031 867
1976 2992 2059 3040 (Res
2088 2993 2230 3040 agitur).

280 3087 317 3139 ³)
347 3089 515 3126 Similiter
543 3089 616 3125 ilo.
647 3089 662 3125 1
693 3089 764 3134 ubi,
795 3093 982 3136 postquam
1014 3089 1057 3124 de
1090 3087 1249 3127 fortunae
1280 3088 1417 3124 uicibus
1440 3091 1592 3134 *questus
1623 3090 1679 3122 est
1708 3086 1835 3122 chorus
1865 3081 1919 3120 69
1950 3082 2195 3131 asclepiadffis,
2227 3093 2322 3119 suam
2355 3082 2527 3120 fortunam

144 3153 261 3200 {luget
289 3147 364 3186 Iole
397 3142 477 3183 102
508 3156 608 3194 anap.
641 3145 697 3181 cui
727 3145 944 3193 respondent
965 3145 1132 3203 :uirgines
1163 3144 1374 3181 Oechalides
1409 3140 1459 3181 13
1491 3154 1590 3190 anap.
1643 3138 1646 3140 ’
1719 3137 1721 3139 ’

934 3208 937 3209 ⁷
2191 3205 2240 3240 5*
