2690 3536
1310 121 1372 166 13

151 278 302 324 notior
333 279 450 323 enim
475 280 680 338 Gortyne
719 280 824 323 urbs
860 288 906 323 et
931 294 1047 338 quae
1075 296 1172 323 cum
1200 281 1337 324 Creta
1362 281 1537 325 solebat
1562 297 1652 326 una
1676 284 1906 330 nominari.
1980 286 2116 335 Quod
2140 288 2177 330 si
2204 296 2327 331 recte
2350 287 2534 333 fecimus

155 347 334 393 Cretam
360 348 476 391 illam
501 347 794 404 ἑκατόμπολιν
821 348 1006 392 alienam
1034 364 1135 392 esse
1162 350 1216 392 ab
1242 349 1330 393 hoc
1355 350 1456 394 loco
1484 351 1581 408 quis
1606 354 1874 411 negauerit?
1946 355 2159 413 Sequitur
2184 356 2395 400 Methone

902 446 1031 495 Quae
1058 447 1141 489 sub
1168 446 1352 490 Oetaeis
1378 446 1601 491 latebrosa
1627 449 1746 492 siluis

907 515 1024 559 Misit
1047 515 1232 559 infestos
1258 515 1426 559 Troiae
1451 516 1587 559 ruinis

1111 584 1190 627 No
1208 600 1233 627 n
1261 584 1442 628 semel
1468 600 1612 628 arcus.

382 672 468 715 vid.
499 673 609 716 Tro.
640 673 735 717 133
763 689 827 731 sq.
900 675 1067 732 Accipe
1094 677 1238 729 fletus,
1266 676 1346 719 bis
1373 686 1503 734 capte
1529 691 1680 720 senex.

901 743 977 786 Nil
1004 743 1143 786 Troia
1169 743 1306 786 semel
1332 753 1377 788 te
1401 760 1513 804 rege
1539 745 1651 788 tulit.

902 811 997 855 Bis
1023 812 1197 870 pulsata
1222 812 1434 856 Dardana
1460 814 1598 856 Graio

903 880 1079 923 Moenia
1104 880 1223 923 ferro
1249 880 1435 939 bisque
1462 882 1691 940 pharetras

902 949 1042 992 Passa
1067 949 1334 993 Herculeas.

358 1044 405 1080 et
428 1040 582 1095 Agam.
613 1052 658 1082 u.
687 1039 785 1081 614
893 1040 1116 1083 Rursus
1144 1039 1305 1099 (codd,
1333 1049 1380 1084 ut
1404 1040 1656 1100 quondam)
1684 1041 1913 1084 Herculea
1939 1042 2104 1086 cecidit
2127 1043 2335 1101 pharetra

357 1134 403 1170 et
425 1126 588 1170 ibidem
614 1142 657 1171 u.
685 1128 783 1172 862
894 1130 966 1172 Te
993 1130 1106 1174 duce
1134 1130 1341 1191 (Alcida)
1369 1132 1559 1175 succidit
1586 1132 1779 1175 Mendax
1804 1132 2060 1176 Dardaniae
2087 1133 2242 1178 domus
2307 1135 2370 1178 Et
2393 1137 2531 1179 sensit

1058 1215 1189 1243 arcus
1217 1203 1374 1243 iterum
1399 1202 1622 1244 timendos.

153 1287 227 1332 Ex
261 1287 422 1346 quibus
455 1286 715 1346 intelligitur
747 1304 830 1331 non
863 1292 996 1333 semel
1026 1306 1111 1333 non
1151 1291 1205 1334 ad
1243 1295 1365 1335 misit
1395 1293 1636 1351 pertinere,
1678 1293 1760 1336 sed
1796 1309 1893 1336 cum
1919 1293 2104 1350 infestos
2130 1310 2229 1339 esse
2255 1297 2531 1356 coniungen-

155 1355 276 1400 dum.
349 1355 632 1399 Philoctetae
666 1363 814 1401 autem
849 1359 1035 1417 patriam
1072 1359 1335 1404 Meliboeam
1360 1362 1624 1421 Magnesiae
1659 1363 1812 1406 urbem
1848 1378 1936 1406 non
1973 1378 2187 1422 expresso
2220 1366 2397 1408 nomine
2430 1375 2533 1424 post

151 1425 406 1469 Methonam
442 1424 615 1468 laudari
648 1434 923 1484 putauerunt
958 1428 1166 1472 editores,
1257 1431 1422 1474 Verum
1458 1430 1544 1474 hoc
1580 1447 1727 1489 neque
1762 1447 1861 1474 cum
1898 1433 2126 1491 scriptoris
2163 1448 2288 1476 more
2322 1435 2531 1479 conuenit

154 1495 230 1552 qui
264 1508 487 1552 nunquam
528 1494 824 1538 describendo
861 1503 1030 1539 tantum
1066 1498 1290 1557 significat
1320 1499 1420 1542 loca
1456 1508 1500 1542 et
1533 1500 1715 1542 alteram
1746 1516 1928 1558 quoque
1954 1501 2182 1559 stropham
2206 1502 2374 1545 Peli'aci
2401 1504 2531 1562 regni

155 1562 459 1621 descriptione
495 1563 662 1621 primae
696 1564 877 1608 similem
906 1565 1010 1608 fecit
1036 1574 1082 1609 et
1107 1568 1231 1623 quasi
1256 1568 1383 1611 iussit
1407 1568 1701 1626 respondere,
1746 1585 1881 1626 quum
1906 1570 2117 1613 Herculis
2143 1570 2244 1625 illic,
2288 1571 2357 1614 hic
2383 1571 2528 1614 Achil-

152 1631 206 1675 lis
232 1631 419 1675 heroum
445 1632 614 1674 Troiae
645 1631 841 1676 fatalium
876 1634 919 1676 in
957 1635 1065 1677 urbe
1101 1636 1347 1683 euertenda
1382 1644 1531 1694 partes
1568 1637 1776 1696 explicet,
1821 1654 1904 1681 nec
1939 1654 2038 1682 cum
2075 1639 2224 1682 uerbis
2258 1640 2384 1697 ipsis;
2432 1656 2530 1683 nam

152 1700 378 1744 Meliboea
415 1715 501 1742 non
536 1700 593 1742 ad
628 1703 802 1755 Oetam,
845 1702 927 1746 sed
963 1704 1045 1746 sub
1073 1704 1186 1747 Ossa
1224 1705 1306 1748 sita
1343 1714 1412 1749 est
1445 1721 1531 1748 non
1559 1706 1713 1764 procul
1749 1722 1773 1749 a
1799 1708 1918 1749 mari.
2003 1707 2190 1750 Accedit
2224 1708 2346 1765 quod
2380 1709 2529 1752 uerbis

150 1769 273 1813 hisce
305 1770 384 1812 sub
419 1771 598 1812 oetaeis
629 1772 847 1814 latebrosa
882 1774 1009 1814 siluis
1050 1772 1187 1815 solam
1222 1773 1443 1817 Trachina
1490 1783 1671 1832 poterat
1703 1775 1913 1819 indicare.
1994 1791 2092 1818 nam
2129 1775 2186 1818 ad
2224 1776 2448 1820 Trachina
2486 1779 2528 1820 in

152 1839 269 1881 Oeta
303 1845 455 1881 monte
488 1838 714 1882 Hercules
740 1839 1035 1893 Philoctetae,
1077 1842 1173 1884 siue
1206 1842 1242 1884 is
1276 1843 1420 1885 Poeas
1459 1851 1586 1900 pater
1611 1844 1891 1887 Philoctetae
1926 1853 2037 1898 erat,
2083 1860 2231 1888 arcum
2267 1845 2526 1889 tradiderat.

150 1906 234 1951 sed
269 1905 326 1949 de
351 1906 575 1949 Trachine
617 1907 723 1950 satis
769 1924 903 1966 supra
938 1911 1074 1952 uerba
1109 1909 1216 1953 fecit
1250 1911 1424 1955 chorus.
1507 1912 1777 1955 Necessario
1814 1912 1952 1971 igitur
1981 1913 2214 1956 relatiuum
2250 1915 2528 1958 enunciatum

152 1990 253 2019 cum
279 1974 489 2018 Methone
513 1975 804 2033 iungendum,
847 1991 941 2020 rem
966 1986 1113 2021 autem
1139 1979 1200 2021 ita
1226 1980 1557 2037 explicabimus,
1602 1989 1650 2023 ut
1676 1996 1810 2038 quum
1835 1982 2063 2024 Homerus
2092 1980 2147 2024 de
2174 1982 2352 2025 urbibus
2378 1983 2420 2026 in
2447 1983 2529 2026 hac

150 2042 415 2088 Thessaliae
459 2051 587 2101 parte
630 2045 723 2087 sitis
769 2044 886 2088 dicat
928 2050 1014 2089 τῶν
1057 2048 1101 2089 δὲ
1141 2047 1400 2104 Φιλοκτήτης
1442 2046 1567 2104 ἦρχεν
1602 2048 1737 2101 τόξων
1770 2047 1815 2092 εὖ
1848 2051 1969 2098 εἰδὼς
2010 2058 2055 2092 et
2092 2049 2300 2093 Methone
2337 2059 2382 2094 et
2418 2067 2527 2108 quas

149 2112 257 2155 alias
294 2112 491 2155 nominet
526 2127 672 2169 aeque
705 2128 834 2156 arcus
871 2113 969 2156 illos
1005 2115 1175 2158 misisse
1210 2115 1294 2158 dici
1320 2117 1531 2174 potuerit.
1605 2118 1754 2165 Quum
1791 2126 1940 2160 autem
1974 2117 2188 2161 Methone
2223 2127 2272 2161 ut
2307 2119 2527 2163 Meliboea

149 2196 238 2224 non
284 2181 363 2224 sub
398 2182 581 2223 Oetaeis
626 2181 774 2236 siluis,
817 2183 897 2225 sed
932 2183 1014 2226 sub
1053 2183 1234 2227 Ossaeis
1270 2184 1453 2242 rupibus
1489 2186 1572 2228 sita
1607 2186 1686 2238 sit,
1738 2185 2071 2230 rescribendum
2107 2187 2189 2229 erit
2223 2189 2403 2231 Ossaeis
2436 2204 2526 2245 quo

151 2249 376 2293 adiectiuo
423 2250 490 2292 usi
522 2257 627 2292 sunt
657 2250 883 2309 Vergilius
918 2252 1085 2295 Statius
1120 2252 1327 2296 Lucanus
1356 2253 1551 2296 Valerius
1575 2254 1781 2298 Flaccus.

286 2335 379 2378 Iam
411 2334 449 2377 si
483 2335 717 2378 alteram
750 2336 977 2394 stropham
1018 2338 1338 2391 examinamus,
1385 2354 1542 2382 uersus
1569 2340 1641 2397 qui
1666 2340 1779 2383 inter
1804 2340 2014 2398 strophae
2042 2341 2206 2398 primae
2231 2342 2363 2384 finem
2390 2350 2525 2399 atque

147 2404 276 2462 regni
300 2403 488 2446 Prothoi
523 2404 791 2447 mentionem
817 2412 922 2448 sunt
946 2406 1215 2464 interpositi,
1251 2407 1339 2450 huc
1364 2424 1451 2450 non
1479 2409 1703 2465 pertinere
1730 2409 1944 2452 uidemus.
2018 2408 2124 2466 quid
2152 2410 2264 2452 enim
2291 2425 2525 2454 commune

146 2472 313 2516 habent
347 2472 542 2515 Pleuron
579 2481 623 2515 et
655 2474 892 2517 Troezene
935 2490 1035 2517 cum
1072 2475 1282 2518 Methone
1331 2484 1376 2519 et
1417 2492 1517 2519 cum
1551 2476 1788 2520 Prothoo?
1858 2476 2032 2520 Eadem
2068 2477 2284 2521 dubitatio
2319 2479 2523 2522 uersibus

149 2540 420 2586 848—853
448 2541 637 2584 affertur
660 2541 736 2584 ubi
761 2550 864 2600 post
891 2542 1169 2600 Calydonem
1196 2544 1397 2588 Aetoliae
1423 2546 1591 2599 urbem,
1624 2554 1726 2589 ante
1752 2546 1922 2589 Bessan
1950 2554 1994 2590 et
2020 2546 2247 2605 Scarphen
2273 2546 2523 2591 Locrorum

148 2609 282 2653 urbes
317 2609 461 2668 posita
496 2616 564 2653 est
592 2608 857 2654 Thessaliae
893 2613 1051 2655 iterum
1089 2613 1217 2671 regio
1245 2613 1478 2657 Titaresus
1519 2629 1650 2671 quam
1686 2614 1925 2673 perfundit.
2006 2618 2061 2659 At
2098 2630 2207 2659 ecce
2241 2631 2374 2673 quam
2407 2617 2523 2659 bene

150 2678 295 2722 omnia
323 2677 504 2730 cedunt,
529 2679 564 2721 si
590 2686 889 2722 commutasse
914 2680 1059 2724 locum
1085 2683 1194 2724 istos
1223 2696 1379 2725 uersus
1407 2682 1614 2725 dicimus:

364 2804 1253 2818 ————————
1292 2819 1302 2829 .
1342 2819 1351 2828 .
1394 2819 1403 2829 .
1444 2786 1542 2830 848
1590 2787 1680 2828 Aut
1705 2785 1799 2828 fera
1825 2794 1974 2830 notam
2001 2786 2234 2844 Calydona
2259 2801 2395 2851 saeua

221 2849 319 2892 829
373 2849 544 2892 Olenos
571 2851 700 2893 tectis
727 2850 926 2894 habitata
952 2853 1059 2894 raris
1094 2885 1404 2898 .......
1444 2855 1542 2898 849
1590 2855 1794 2910 Quasque
1812 2854 2050 2912 perfundit
2074 2856 2297 2898 subiturus
2322 2870 2482 2911 aequor

221 2917 319 2960 830
373 2918 563 2977 Virginis
589 2918 789 2962 Pleuron
816 2919 989 2963 inimica
1016 2920 1147 2964 diuae
1185 2954 1399 2966 .....
1441 2923 1539 2966 850
1587 2923 1801 2979 segnibus
1825 2928 1970 2967 terras
1997 2924 2223 2967 Titaresos
2248 2922 2379 2966 undis

221 2985 316 3028 831
372 2984 464 3044 (An
490 2987 621 3030 maris
647 2987 723 3030 lati
749 2989 928 3031 sinuosa
954 2989 1192 3048 Troezen)
1230 3024 1239 3033 .
1279 3022 1289 3033 .
1340 3025 1348 3034 .
1387 3026 1395 3035 .
1436 2992 1531 3036 851
1585 2991 1754 3035 Bessan
1778 2999 1823 3035 et
1842 2991 2070 3048 Scarphen
2092 2991 2238 3049 Pylon
2265 3007 2318 3035 an
2340 2991 2521 3035 senilem

220 3053 318 3097 832
370 3054 522 3097 Pelion
546 3071 725 3113 regnum
750 3058 939 3101 Prothoe·
957 3059 1186 3115 superbum
1225 3091 1235 3101 .
1278 3093 1289 3103 .

148 3144 413 3188 Thessaliae
438 3144 509 3189 hic
533 3147 759 3206 regiones,
792 3149 996 3192 Aetoliae
1020 3150 1105 3192 illic
1131 3158 1478 3211 congregantur.
