2690 3536
1283 65 1350 111 40

1132 130 1293 137 ,----.-.-.-ἶ
1331 130 1535 137 -..--“.

139 227 328 275 discidio
353 227 428 272 illo
454 225 579 287 quod
604 241 654 271 re
679 241 787 271 uera
812 225 1055 285 imperator
1079 231 1239 284 postea
1266 224 1362 270 fieri
1387 224 1531 271 iussit.
1603 233 1652 272 et
1675 225 1911 272 eonsilium
1936 225 2045 273 illud
2070 227 2113 273 in
2140 226 2324 274 alterius
2351 227 2533 279 denum

139 298 277 359 partis
303 297 391 342 fine
417 304 562 341 ratum
587 294 693 341 facit
718 294 865 339 Plauti
890 292 1134 353 Sullaeque
1160 293 1394 339 conatibus
1419 293 1668 340 stimulatus
1697 295 1772 356 (u.
1800 296 1900 341 469
1928 298 2029 341 470
2064 295 2342 352 „Tollantur
2375 296 2539 353 hoste·

142 382 251 412 ense
283 365 480 425 suspecti
514 363 630 410 mihi.
705 363 852 407 lnuisa
880 363 1075 407 coniunx
1101 371 1260 423 pereat
1285 370 1332 408 et
1356 378 1507 408 carum
1534 363 1617 410 sibi
1643 362 1828 409 fratrem
1854 363 2135 425 sequatur“)
2164 366 2370 411 Senecae
2398 366 2535 415 etim

141 435 467 480 hortationibus
501 449 587 478 non
624 433 822 492 placatus
846 431 927 476 sed
953 432 1096 493 magis
1122 431 1357 493 magisque
1384 433 1603 477 excitatus
1626 429 1664 492 ¹)
1694 433 1856 493 (quem
1884 434 2053 479 eisdem
2081 434 2177 479 fere
2204 442 2342 494 etque
2366 435 2535 483 Nutrix

142 505 432 565 argumentis.
476 501 655 547 iuuenili
683 516 842 560 nempe
867 500 1047 554 ardore,
1091 501 1133 545 in
1161 500 1416 546 excusanda
1444 502 1639 561 coniuge
1676 497 1802 546 sssum
1838 501 2044 548 uidemus
2080 518 2124 548 u.
2154 504 2250 548 537
2290 504 2457 550 teneris
2487 504 2536 551 ln

144 573 267 618 annia
301 598 368 608 —
403 571 460 616 οἱ.
498 586 540 615 u.
575 572 669 616 189
704 569 909 615 iuuenilis
943 569 1122 629 ardor).
1195 570 1269 628 qui
1296 577 1536 629 postquam
1562 570 1742 629 reliquit
1766 586 1991 629 scaenam,
2018 573 2142 618 Nero
2169 588 2211 617 u.
2239 574 2338 617 590
2364 588 2433 633 sq.
2458 588 2535 620 ee·

145 658 245 688 cum
272 642 467 700 loquitur
493 639 627 684 haec:

751 708 814 752 Et
838 709 934 768 ipse
960 706 1112 766 populi
1140 714 1248 751 uota
1273 707 1357 751 iam
1384 706 1555 767 pridem
1581 722 1747 763 moror,

757 778 870 821 Cum
897 784 1044 835 portet
1071 784 1198 820 utero
1224 776 1435 836 pignus
1463 784 1509 821 et
1533 784 1706 835 partem
1732 777 1818 820 mei

757 848 874 898 Qm‘n
899 846 1169 889 ‹Iesle'nomus
1189 848 1436 903 proximum
1464 846 1673 890 thalamis
1699 846 1829 890 diem.

145 941 264 985 Tum
293 939 469 984 demum
495 945 729 998 postquam
756 936 907 996 populi
935 936 1066 980 dolor
1091 944 1227 995 atque
1253 944 1360 981 uota
1386 944 1487 981 sunt
1513 936 1711 982 nuntiata
1738 935 1809 995 (u.
1835 937 1934 980 572
1964 937 2092 996 591)
2120 944 2256 996 atque
2283 935 2535 984 destinatus

149 1018 217 1054 est
242 1008 493 1069 nuptiarum
531 1007 623 1051 dies
650 1006 856 1064 famaque
883 1005 953 1049 illa
983 1005 1180 1065 (‚‚modo
1207 1005 1422 1065 audita“)
1451 1004 1699 1066 diuulgata,
1744 1005 1905 1051 chorus
1931 1013 2110 1066 poterat
2136 1006 2332 1051 existere
2357 1006 2536 1067 lugere,

135 1078 319 1134 frustra
345 1081 472 1122 lom-s
498 1081 710 1120 iactatam
737 1075 888 1119 dicere
915 1074 1091 1129 samam,
1112 1090 1230 1133 quae
1256 1075 1422 1119 utinam
1450 1091 1566 1120 nunc
1591 1090 1772 1134 quoque
1798 1074 1957 1134 perdat
1982 1074 2132 1130 sidem,
2154 1090 2375 1121 reuocare
2394 1075 2536 1121 maio-

145 1163 242 1192 rum
279 1148 504 1198 uirtutem,
549 1146 624 1204 qui
650 1145 729 1189 ulti
755 1154 904 1188 essent
931 1144 1173 1203 virginiam
1200 1144 1370 1203 ultique
1396 1145 1672 1199 Lucretiam,
1717 1145 1792 1204 qui
1827 1143 2009 1189 sceleris
2035 1159 2205 1204 poenas
2230 1159 2256 1188 a
2283 1145 2535 1204 Tarquinio

151 1216 442 1276 sumpsissent
469 1230 569 1259 cum
596 1213 749 1259 Tullia
774 1213 985 1272 coniuge,
1032 1228 1213 1258 narrare
1240 1213 1372 1272 quale
1410 1222 1455 1258 et
1479 1214 1560 1272 ipsi
1596 1213 1744 1258 scelus
1781 1212 2002 1258 uidissent
2026 1214 2299 1273 Agrippinae
2324 1228 2482 1259 necem
2506 1228 2537 1261 ι

147 1286 353 1344 Principe
380 1284 674 1337 commissam,
718 1282 783 1326 his
819 1283 1022 1327 omnibus
1059 1282 1115 1326 ad
1143 1286 1377 1342 Augustae
1404 1282 1616 1327 ultionem
1642 1298 1744 1327 sese
1767 1282 2000 1342 instigare.
2074 1284 2222 1342 Atque
2247 1282 2413 1328 chorus
2435 1283 2535 1343 ipae

146 1355 276 1399 etiam
304 1354 498 1399 Neronis
532 1353 671 1396 uerba
702 1351 852 1396 ultima
880 1352 1094 1411 (u.591)
1121 1352 1345 1410 respicere
1373 1352 1554 1396 uidetur
1578 1353 1619 1396 in
1646 1351 1740 1396 hin
1783 1350 1890 1396 edat
1915 1352 2158 1411 pignora
2185 1351 2325 1411 pacis.
2364 1351 2449 1397 Bis
2475 1351 2536 1398 de

146 1423 315 1468 caussis
350 1438 435 1467 non
473 1421 629 1466 dubito
665 1421 769 1480 quin
803 1429 944 1465 totum
980 1435 1193 1465 carmen
1229 1420 1372 1479 quod
1408 1421 1622 1481 legitur
1655 1436 1680 1465 a
1716 1436 1760 1465 u.
1790 1423 1899 1466 272
1934 1421 2000 1465 ad
2027 1436 2071 1466 u.
2101 1422 2217 1466 376
2253 1435 2538 1481 reponen-

152 1492 271 1537 dum
309 1493 377 1536 sit
413 1500 539 1551 post
574 1499 751 1535 actum
779 1489 1087 1534 secund-um
1115 1505 1160 1534 u.
1189 1492 1303 1534 592
1333 1491 1406 1534 ubi
1435 1489 1711 1535 desiderauit
1735 1489 1932 1534 Delrius.
1990 1491 2090 1535 Nec
2117 1505 2276 1535 uanam
2302 1491 2536 1535 Romano·
2571 1484 2586 1496 ‘

147 1577 243 1607 rum
267 1562 392 1606 istam
419 1560 771 1605 cohortationem
799 1558 961 1613 luisse,
1001 1566 1142 1618 quam'
1159 1567 1369 1618 repetunt
1394 1559 1520 1604 minis
1547 1559 1679 1604 etiam
1707 1558 1869 1604 additis
1898 1574 1938 1603 u·
1969 1560 2285 1614 660-689,
2318 1574 2343 1604 a
2363 1559 2536 1604 Nuntio

156 1646 202 1675 u.
224 1632 320 1676 780
342 1646 406 1689 sq.
436 1629 667 1685 docemur,
694 1629 820 1673 cuius
848 1629 983 1673 uerba
1012 1644 1051 1672 u.
1081 1629 1178 1674 789
1206 1644 1277 1672 res
1304 1629 1397 1687 ipsa
1427 1628 1563 1673 docet
1587 1630 1648 1673 ita
1674 1645 1773 1673 esse
1800 1625 2166 1690 emendanda²):

830 1720 1046 1765 Reddere
1071 1728 1258 1780 penates
1285 1720 1502 1765 Claudiae
1527 1724 1646 1766 ciues
1674 1729 1845 1780 parant.

268 1878 298 1930 ¹)
330 1883 375 1919 τί.
409 1879 491 1919 540
520 1893 619 1930 sqq.:
716 1881 793 1918 lloc
823 1880 986 1928 equidem
1019 1884 1055 1917 et
1084 1880 1162 1929 ipse
1194 1880 1330 1919 credidi
1360 1880 1489 1918 frustra
1519 1881 1580 1917 diu

718 1994 871 2031 Tandem
902 1994 997 2042 quod
1028 1994 1156 2031 ardens
1186 1966 1309 2031 statuit
1339 1994 1464 2032 ulcisci
1494 1994 1598 2031 dolor

718 2051 937 2099 Dignamque
967 2050 1128 2088 thalamis
1158 2052 1347 2100 coniugem
1377 2049 1516 2088 inueni
1545 2051 1647 2089 meis.

720 2165 786 2201 llic
816 2165 899 2201 mihi
931 2165 1069 2212 iugales
1098 2165 1276 2212 praeferat
1305 2164 1428 2202 taedas
1459 2164 1548 2201 deus

718 2221 891 2269 lugetque
922 2222 1055 2259 nostris
1084 2221 1168 2269 igne
1199 2221 1395 2270 Poppaeam
1423 2221 1525 2259 toris.

450 2290 576 2338 quibus
605 2289 755 2338 opponit
784 2290 873 2327 haec
902 2289 1039 2326 Seneca
1070 2301 1103 2327 u.
1126 2285 1229 2326 572:

718 2357 789 2395 Vix
818 2358 996 2395 sustinere
1016 2362 1142 2407 posset
1171 2358 1239 2395 hoa
1268 2358 1442 2395 thalamos
1473 2357 1577 2395 dolor

718 2414 895 2463 fidesque
924 2414 1066 2464 populi:
1097 2418 1218 2453 sancte
1248 2425 1315 2452 nec
1344 2413 1459 2463 pietas
1487 2413 1581 2452 sinat

447 2484 519 2521 Sed
547 2484 605 2521 his
635 2489 672 2521 et
702 2495 793 2532 quae
824 2484 988 2522 uersibus
1020 2480 1102 2521 1575
1135 2480 1218 2521 578
1249 2479 1332 2521 579
1362 2486 1558 2531 sequnntur
1588 2481 1771 2520 confirmat
1799 2478 1919 2528 potius
1949 2475 2113 2515 Caesaris
2144 2474 2345 2514 consilium.

263 2558 302 2612 ⁸)
333 2562 445 2600 Codd.
476 2563 586 2600 diui.
646 2563 765 2613 inepte
795 2564 907 2602 Ritter
934 2564 1035 2601 diri.

1060 2816 1423 2853 W&
1527 2819 1630 2837 ⁴——
