2690 3536
1141 54 1376 129 m„
2466 0 2690 258 Ἃ

154 218 269 265 Post
294 219 494 278 quintum
521 233 698 265 uersum
726 232 918 263 uacuum
946 196 1075 261 unius
1102 230 1260 260 uersus
1285 215 1476 276 spatium
1502 215 1545 260 in
1572 214 1673 260 cod.
1706 217 1782 259 to.
1843 213 1925 259 sed
1955 214 1999 259 in
2030 216 2084 259 11
2118 214 2265 260 statim
2290 221 2544 276 sequuntur
2573 165 2641 276 ξι),
2684 258 2690 262 .

158 289 318 333 eodem
346 303 480 333 uersu
507 288 829 348 comprehensa
857 302 896 330 u.
930 289 951 329 7
985 294 1030 329 et
1057 287 1086 330 8
1114 294 1159 329 et
1180 287 1330 330 Panas
1355 284 1536 343 quidem
1564 299 1727 343 magno
1754 284 1906 329 initiali
1932 284 2054 343 picto
2083 282 2204 328 undo
2230 284 2272 328 in
2301 282 2545 345 archetypo
2579 315 2588 322 ν
2620 349 2640 371 r

159 356 272 401 duos
299 356 436 402 fuisse
463 373 620 402 uersus
646 355 919 414 inteiligitur.
962 370 1001 398 u.
1028 357 1050 397 7
1077 355 1262 398 omissus
1287 354 1329 398 in
1353 354 1399 398 E
1416 354 1516 412 (qui
1542 353 1583 397 in
1611 353 1775 398 ceteris
1801 354 2025 398 consentit
2050 368 2151 397 cum
2177 355 2356 398 nostris.
2385 350 2548 407 codd.)

158 440 343 484 prorsus
371 436 418 470 ut
446 426 587 470 uoluit
615 426 807 484 Lipsius.
834 432 878 468 et
907 423 1171 484 Moguntino
1198 423 1351 467 Deirii.
1426 423 1578 481 itaque
1605 421 1847 481 legendum
1877 437 2010 467 uersu
2042 423 2138 467 783
2165 437 2347 467 manco:

846 538 1061 583 Lasciuae
1089 553 1319 581 nemorum
1364 566 1377 570 -
1403 558 1426 570 ν
1450 558 1471 570 ν
1569 536 1683 580 deae

846 608 990 651 Panas
1018 622 1133 665 quae
1159 605 1367 664 Dryades
1395 605 1681 665 montiuagos
1709 614 1878 665 petunt.

1308 1148 1408 1199 V.

311 1299 325 1340 Ι
403 1298 695 1340 iambicon-um
722 1299 926 1339 de'melros
952 1299 1218 1339 acatalectos
1244 1321 1311 1328 -—
1342 1301 1420 1354 Ag.
1446 1298 1603 1339 759---
1620 1297 1681 1338 74
1711 1296 2022 1353 (Cassandrae
2053 1304 2173 1349 sunt,
2200 1305 2326 1340 actus
2352 1296 2469 1341 tertii
2493 1294 2553 1356 f.)

173 1368 277 1411 satis
314 1376 381 1411 est
412 1366 675 1415 nominasse,
721 1381 856 1423 quum
884 1365 938 1408 ab
965 1365 1147 1408 aliorum
1174 1374 1409 1424 poetarum
1438 1380 1524 1408 non
1555 1364 1686 1408 ualde
1714 1365 1933 1409 differant.
2009 1367 2119 1409 Nam
2147 1365 2188 1409 in
2216 1366 2322 1410 XVI
2349 1366 2556 1411 uersibus

173 1436 307 1480 thesis
334 1435 483 1479 breuis
508 1435 549 1478 in
578 1434 686 1478 sede
714 1435 852 1493 prima
878 1434 1051 1483 sexies,
1093 1433 1295 1492 dactylus
1321 1435 1361 1477 in
1390 1433 1549 1478 eadem
1576 1433 1686 1477 sede
1713 1434 1851 1478 semei
1880 1435 2055 1494 (764),
2128 1435 2263 1479 thesis
2291 1434 2439 1479 breuis
2463 1442 2555 1479 ter-

175 1507 264 1549 tiae
290 1505 407 1548 sedis
434 1504 570 1548 semei
599 1515 609 1551 t
632 1504 768 1559 764).
822 1518 1006 1546 caesura
1029 1511 1177 1547 autem
1205 1512 1307 1562 post
1333 1504 1517 1562 primum
1545 1504 1737 1547 iambum
1763 1512 1833 1547 ter
1859 1505 1989 1557 facta,
2017 1519 2239 1563 nunquam
2268 1513 2370 1563 post
2393 1518 2558 1549 secun-

180 1574 306 1620 dum:
351 1583 450 1631 post
484 1572 670 1616 secundi
698 1572 838 1616 thesin
867 1582 935 1616 ter
963 1572 1128 1622 decies,
1168 1581 1270 1630 post
1296 1573 1411 1616 tertii
1441 1572 1581 1616 thesin
1609 1574 1791 1632 septies,
1836 1583 1940 1631 post
1964 1575 2080 1617 arsin
2108 1575 2276 1617 nouies.
2352 1573 2558 1618 Bothium

177 1644 303 1686 binos
330 1658 485 1686 uersus
513 1644 552 1685 in
581 1651 865 1685 tetrametros
894 1658 979 1684 non
1006 1642 1102 1684 iure
1131 1657 1436 1701 congregasse
1463 1658 1597 1701 supra
1623 1641 1915 1686 indicauimus
1938 1640 1993 1694 ¹).

317 1758 355 1800 ΙΙ
435 1758 648 1800 Trimetrn
685 1757 901 1800 subicitur
933 1759 1115 1800 ‹lineeter
1143 1759 1303 1800 molal.
1342 1757 1456 1800 Med.
1489 1758 1789 1800 771-786.
1884 1757 1958 1814 qui
1997 1757 2038 1800 in
2074 1758 2203 1800 tertia
2239 1756 2413 1800 dimetri
2443 1755 2556 1800 aedo

176 1842 277 1869 esse
315 1826 493 1869 uidetur
519 1836 786 1884 anapaestus
825 1842 867 1869 u.
910 1828 1004 1869 778
1045 1824 1320 1870 Herculei-im
1359 1826 1696 1883 pronunciando
1735 1826 1775 1868 in
1803 1827 2052 1884 spondeum
2080 1825 2317 1870 mutandus
2344 1835 2427 1870 est.
2481 1825 2558 1884 qui

179 1897 293 1938 enim
324 1895 532 1938 Martialis
571 1897 583 1938 Ι
616 1898 679 1937 49
709 1910 750 1938 ιι.
780 1898 842 1937 42
880 1895 1039 1938 eodem
1078 1896 1210 1938 modo
1240 1896 1402 1939 dicitur
1427 1894 1730 1938 conformatus
1758 1911 1885 1937 esse:
1930 1897 2043 1938 Cum
2070 1895 2184 1939 sama
2210 1894 2332 1954 quod
2355 1898 2468 1939 sale’s
2493 1898 2561 1939 eat

177 1963 336 2017 habet,
373 1965 414 2007 in
442 1980 497 2007 eo
523 1969 656 2007 sali-vl
682 1963 935 2023 legendum.
1008 1965 1093 2007 Est
1118 1972 1263 2007 autem
1292 1964 1496 2021 dactyius
1523 1964 1563 2007 in
1593 1964 1722 2007 tertia
1748 1964 1933 2007 trimetri
1960 1981 1999 2007 u.
2032 1967 2126 2008 785
2164 1979 2290 2007 arae
2316 1962 2558 2023 tripodas

179 2041 225 2077 et
253 2035 346 2075 777
378 2034 471 2076 isto
498 2034 693 2082 cinere,
722 2034 762 2076 in
791 2034 926 2090 prima
960 2035 1053 2077 783
1082 2033 1164 2076 his
1193 2034 1359 2076 adice.
1435 2044 1702 2091 anapaestus
1730 2034 1770 2075 in
1800 2033 1937 2091 prima
1968 2035 2063 2077 785
2091 2034 2374 2077 sonuistis.
2437 2032 2559 2077 'Per-

178 2103 237 2144 tia
266 2111 411 2146 autem
439 2102 635 2147 trimetri.
664 2102 815 2159 quinta
844 2103 1016 2144 dimetri
1044 2102 1177 2145 sedes
1205 2118 1426 2159 nunquam
1454 2118 1538 2145 non
1569 2103 1731 2145 habent
1757 2102 2017 2161 spondeum.

325 2205 388 2248 ill
467 2205 588 2248 idem
623 2205 695 2247 iile
730 2205 835 2248 fecit
864 2205 1207 2263 Hephaestionis
1234 2206 1502 2249 auctoritate
1530 2222 1636 2249 usus
1663 2215 1709 2249 et
1735 2221 1833 2249 cum
1857 2207 2186 2250 Vratisiauiensi
2212 2206 2398 2264 aliisque
2423 2204 2559 2250 codd.

177 2283 291 2332 (non
324 2274 472 2317 Rehd.
513 2277 571 2317 10
614 2276 699 2323 tl)
735 2275 1018 2317 consentiens
1065 2274 1103 2316 in
1143 2274 1337 2318 dimetria
1384 2275 1655 2318 catalecticis
1699 2276 1795 2318 siue
1834 2280 2166 2319 Anacreontis-is
2202 2275 2404 2319 uersibus
2442 2273 2560 2322 Med.

181 2344 484 2388 8⁴0—878.
559 2351 660 2387 sunt
686 2352 831 2387 autem
870 2344 995 2387 ΧΧΧ
1029 2359 1200 2396 uersus,
1245 2360 1268 2387 a
1297 2359 1484 2403 quorum
1522 2346 1656 2402 prima
1691 2344 1800 2387 sede
1827 2345 2024 2398 iambus,
2069 2346 2200 2389 tertia
2233 2343 2463 2403 spondeus
2490 2350 2561 2387 est

2595 270 2690 332 ‘nte

179 2411 399 2455 exclusus.
476 2412 671 2456 Caesura
698 2422 845 2456 autem
874 2422 974 2470 post
999 2415 1179 2470 primam
1207 2414 1321 2456 arsin
1352 2413 1502 2457 decies
1530 2414 1686 2457 nouies
1714 2420 1783 2470 (u.
1807 2416 1905 2458 868
1933 2413 2249 2472 synaloephe),
2280 2413 2431 2457 decies
2455 2419 2561 2471 post
2630 2453 2636 2457 .

179 2479 407 2525 secundae
434 2481 552 2524 sedis
586 2481 725 2524 thesin
766 2491 900 2539 atque
934 2482 1176 2540 praecipue
1213 2483 1253 2525 in
1290 2483 1541 2541 posteriore
1569 2482 1771 2526 carminis
1801 2492 1939 2540 parte.
1998 2482 2252 2541 Spondiaca
2279 2482 2396 2526 basis
2421 2480 2559 2540 longe

179 2549 455 2608 frequentior
497 2565 626 2607 quam
671 2553 978 2608 anapaestico,
1025 2566 1140 2607 quae
1185 2560 1341 2608 quater
1385 2560 1553 2595 tantum
1599 2551 1737 2609 idque
1778 2552 1819 2595 in
1866 2551 2043 2595 duobus
2093 2553 2148 2595 ab
2186 2551 2308 2595 initio
2357 2550 2559 2609 partibus

178 2627 380 2678 apparet.

322 2723 433 2765 Nam
471 2730 620 2780 partes
655 2723 749 2764 siue
784 2723 955 2780 petiodi
994 2733 1163 2781 septem
1191 2734 1291 2767 sunt
1325 2724 1528 2766 carminis
1556 2724 1783 2781 quaternis
1808 2725 2011 2782 quinisue
2041 2723 2243 2766 uersibus
2270 2724 2560 2781 compositae,

183 2806 366 2847 quarum
401 2790 598 2834 secunda
638 2791 779 2833 media
818 2791 981 2836 ultima.
1022 2793 1056 2834 si
1092 2792 1321 2835 codicibus
1361 2791 1470 2835 tides
1508 2792 1727 2842 habenda,
1780 2808 1866 2836 non
1903 2793 2219 2836 anmereontico
2253 2792 2332 2835 sed
2369 2791 2560 2836 dimetro

184 2858 569 2916 brachycatalecto
598 2859 747 2917 (quod
776 2870 960 2903 metrum
990 2861 1263 2918 Euripidium
1291 2861 1484 2919 appellat
1513 2862 1727 2911 Seruius)
1755 2870 1857 2904 sunt
1884 2861 2081 2904 ciausae:

309 3047 341 3095 ⁸)
370 3062 573 3097 quanquam
596 3053 827 3099 armiger-ni
855 3051 906 3090 Ιθ
928 3051 969 3090 11
1008 3060 1045 3091 et
1074 3054 1185 3091 editio
1207 3055 1419 3091 nanticensis
1451 3060 1674 3092 tetnmetros
1706 3057 1836 3092 habent
1866 3056 2037 3092 iambicos
2066 3067 2182 3102 noque
2202 3056 2351 3092 codices
2370 3054 2421 3092 iiii
2441 3053 2560 3091 ‹tins-

184 3111 259 3145 hos
288 3108 324 3144 in
354 3118 420 3145 uns
450 3108 540 3144 tine·
571 3110 755 3156 copulatos
785 3110 896 3147 iiteris
928 3111 1116 3148 maioribus
1147 3116 1252 3158 atque
1283 3112 1375 3149 sssuo
1405 3112 1526 3148 colore
1556 3112 1663 3158 pictis
1694 3111 1926 3160 distinguunt.
