2690 3536
1270 94 1334 138 25

1198 521 1387 573 IIII.

239 654 540 713 Asclepiadeis
569 655 925 714 dodecasyllabis
953 658 991 698 in
1022 658 1085 699 his
1115 674 1221 700 usus
1250 667 1318 701 est
1344 669 1500 716 poeta:

551 746 720 791 phaed.
751 749 907 790 753—
928 751 1020 790 760
1065 751 1331 792 {tm—8523
1608 751 1685 794 Hs.
1716 753 1978 793 524-591

553 818 660 859 Tm.
689 818 834 860 374--
863 819 953 859 411
1607 820 1719 876 Thy.
1754 821 2019 862 122—175

510 937 515 942 .
550 885 668 928 Med.
699 887 894 927 56—74
943 887 1177 927 §oa—109
1606 889 1708 930 ΗΟ.
1745 889 2027 931 lot—173.

36 1015 38 1017 ,
100 975 214 1018 basis
249 983 507 1018 constanter
540 986 608 1019 est
643 976 899 1034 spondiaca,
945 977 1097 1019 incisio
1135 977 1175 1018 in
1216 980 1300 1020 tine
1338 979 1493 1035 prioris
1522 979 1776 1021 choriambi.
1824 989 1870 1021 ut
1897 978 2015 1036 apud
2044 979 2292 1021 Horatium.
2337 994 2468 1036 quem

98 1043 230 1088 etiam
255 1044 295 1086 in
323 1044 633 1087 continuandis
660 1045 724 1086 his
753 1046 953 1086 uersibus
981 1046 1181 1101 sequitur
1209 1048 1349 1099 (Hor.
1380 1047 1398 1088 I
1433 1050 1446 1088 l
1498 1048 1560 1089 ΠΙ
1591 1049 1651 1088 530
1692 1047 1785 1088 1111
1813 1049 1886 1095 Si.

235 1147 502 1189 Breuiculus
530 1155 763 1204 praeterea
791 1155 912 1189 extat
940 1162 1093 1189 uersus
1122 1149 1230 1189 Tro.
1261 1151 1383 1190 404:
1427 1167 1507 1203 qm»
1534 1166 1612 1191 mm
1641 1155 1746 1191 nolo
1775 1154 1931 1192 r'ocenl.
2006 1149 2061 1191 de
2089 1164 2178 1206 quo
2206 1157 2328 1192 recte
2354 1149 2468 1192 iudi-

99 1215 218 1259 cauit
251 1216 511 1258 Ascensius:
563 1216 792 1268 „Quaeris
834 1231 921 1272 quo
960 1217 1106 1258 iaceas
1142 1227 1244 1273 post
1282 1217 1447 1259 obitum
1486 1218 1622 1260 loco?
1671 1218 1959 1275 Respondet:
2011 1218 2080 1260 Eo
2119 1233 2207 1275 quo
2244 1233 2330 1260 non
2368 1227 2470 1260 nata

88 1284 256 1342 jacent.
299 1283 344 1326 id
381 1293 447 1326 est
484 1299 715 1341 nusquam,
762 1300 877 1341 quae
913 1286 1130 1327 sententia
1157 1301 1287 1341 quum
1316 1286 1370 1328 sit
1396 1286 1655 1343 grauissima
1685 1295 1728 1328 et
1755 1287 2044 1328 firmissimum
2071 1286 2235 1328 habere
2262 1286 2470 1330 uideatur

35 1350 39 1354 ’
98 1343 411 1411 ῃτζυωεηῑυω
440 1353 496 1395 ad
524 1354 692 1395 animae
720 1355 1032 1396 extinctionem
1061 1354 1330 1411 probandum
1358 1363 1491 1412 poeta
1520 1355 1623 1397 data
1651 1370 1787 1412 opera
1816 1355 2088 1397 hemistichio
2122 1355 2322 1398 clausitf-
2384 1357 2468 1398 Ve-

89 1435 196 1478 ‚mm
221 1422 350 1464 etiam
377 1423 638 1479 grauissima
666 1423 916 1464 sententiae
944 1423 1184 1464 auctoritas
1207 1420 1243 1473 ι)
1274 1439 1358 1465 non
1388 1425 1618 1466 excusabit
1645 1432 1803 1480 poetae
1831 1424 2049 1466 licentiam
2076 1424 2109 1464 si
2131 1423 2467 1466 Andromachae

98 1490 250 1533 uerbis
276 1491 316 1533 in
344 1490 570 1548 Euripidis
597 1491 770 1533 Troad.
801 1492 896 1532 «3315
973 1490 1194 1533 adductus
1222 1502 1312 1533 erat
1342 1492 1396 1533 ad
1426 1508 1520 1534 eam
1549 1492 1632 1534 his:

713 1583 761 1625 τὸ
786 1583 842 1637 μὴ
868 1586 1074 1636 γενέσθαι
1105 1587 1160 1639 τῷ
1186 1589 1344 1626 θανεῖν
1370 1586 1468 1625 ἴσον
1493 1585 1614 1637 λέγω.

714 1655 785 1694 τοῖ’
814 1654 883 1707 ζῆν
908 1652 952 1693 δὲ
979 1653 1150 1706 λυπρῶς
1175 1650 1379 1707 κρεῖσσόν
1404 1652 1495 1694 ἐστι
1523 1656 1776 1694 κατθανεῖν.

87 1733 283 1784 ἶ’Ῡθιιίᾱπῐι
321 1748 410 1783 tum
446 1741 621 1783 demum
649 1742 842 1792 habebit,
887 1743 921 1783 si
958 1758 1009 1783 ex
1038 1743 1265 1799 scriptoris
1300 1743 1394 1799 ipsa
1421 1751 1567 1785 mente
1596 1751 1639 1785 et
1666 1744 1807 1784 animo
1837 1743 2096 1799 perturbato
2124 1741 2330 1784 fortunae
2358 1742 2467 1784 uici-

90 1811 181 1871 'bus
201 1809 419 1868 prodiisse
441 1825 536 1852 eam
560 1809 769 1852 dicemus.
810 1812 919 1859 Quis
947 1821 1091 1853 autem
1119 1811 1391 1868 frequentius
1419 1812 1529 1854 banc
1557 1813 1817 1853 sententiam
1846 1819 1890 1853 et
1911 1826 2027 1868 quae
2055 1811 2093 1852 ei
2120 1820 2219 1853 sunt
2247 1819 2470 1868 cognatae

88 1879 310 1936 sexposuit
334 1894 464 1935 quam
491 1879 543 1920 L.
574 1882 777 1922 Annaeus
806 1881 980 1922 Seneca
1009 1880 1325 1937 philosophus?
1376 1881 1512 1922 Cuius
1541 1881 1673 1922 uerba
1702 1895 1816 1936 quae
1843 1880 1883 1921 in
1912 1879 2239 1921 Consolationis
2266 1878 2322 1920 ad
2350 1880 2467 1921 Mar-

88 1947 213 2008 ‘ciam
239 1962 276 1989 c.
304 1943 472 2002 XIX'2)
510 1947 723 2004 leguntur
758 1964 854 1989 cum
883 1949 1039 2005 tragici
1065 1949 1293 1990 sententiis
1321 1949 1647 1991 conuenientia.
1694 1950 1822 2004 etiam
1859 1949 1893 1990 si
1930 1948 2020 1989 aliis
2057 1947 2316 1989 testimoniis
2346 1962 2468 1989 esse-

87 2014 196 2058 'mus
223 2014 438 2067 destituti,
462 2016 566 2057 satis
593 2024 812 2059 testantur
837 2016 1142 2074 philosophum
1171 2018 1300 2059 etiam
1327 2017 1660 2074 tragoediarum
1689 2033 1787 2059 esse
1814 2025 2042 2058 auctorem
2069 2015 2179 2071 (hac
2203 2015 2335 2057 illaue
2361 2031 2469 2058 sane

101 2085 381 2142 exceptis—
401 2099 499 2126 nam
528 2083 582 2126 de
596 2084 793 2127 Hercule
820 2085 959 2128 altero
989 2101 1132 2142 neque
1161 2102 1249 2142 ego
1279 2085 1430 2127 dubito
1460 2101 1606 2142 neque
1623 2086 1678 2127 G.
1698 2085 1879 2127 Richter
1906 2086 2008 2141 quin
2037 2084 2105 2126 alii
2133 2085 2303 2126 auctori
2331 2091 2467 2140 atque

100 2160 279 2197 ceterae
305 2153 361 2195 sit
385 2152 660 2211 tribuenda).

240 2246 384 2291 Quum
419 2244 459 2285 in
497 2253 617 2286 tanto
646 2245 883 2287 carminum
912 2260 1092 2287 numero
1122 2260 1273 2288 omnes
1302 2260 1457 2287 uersus
1485 2255 1703 2302 quotquot
1728 2245 1835 2287 fecit
1861 2254 1992 2302 poeta
2019 2244 2143 2301 probi
2171 2244 2256 2286 sint
2281 2259 2466 2302 respon-

102 2311 327 2369 deantque
355 2312 612 2355 Horatianis
639 2313 828 2370 legibus.
854 2313 949 2355 falsi
977 2322 1229 2371 arguuntur
1256 2315 1327 2370 qui
1354 2314 1568 2371 leguntur
1594 2315 1636 2356 in
1665 2313 1828 2370 Oedipi
1856 2312 2119 2356 carminibus
2146 2312 2278 2355 tales:

223 2490 252 2543 ¹)
284 2499 321 2528 ut
351 2505 397 2528 ex
427 2494 630 2529 nostratium
664 2495 874 2529 carminibus
907 2494 1019 2529 simile
1052 2495 1247 2540 exemplum
1280 2499 1454 2540 repetam:
1486 2483 1612 2529 Victor
1631 2494 1803 2539 Iosephus
1824 2493 2033 2529 Schell‘elius
2065 2494 2098 2528 in
2130 2506 2173 2528 eo
2205 2493 2355 2529 carmine
2376 2494 2471 2540 quod

100 2550 281 2597 inscripsit
318 2546 480 2586 tubicen
510 2547 833 2599 Saeclfinyensi5‚
882 2562 983 2596 quum
1023 2550 1181 2586 dimetris
1213 2550 1401 2585 trochaicis
1439 2549 1668 2597 ineptissimis
1700 2550 1837 2585 scilicet
1876 2550 2036 2585 uersibus
2075 2561 2147 2585 rem
2185 2555 2470 2596 persequeretur,

92 2618 202 2642 unum
233 2617 372 2642 uersum
406 2605 648 2653 imperfectum
680 2607 818 2652 reliquit
851 2608 965 2641 hunc:
998 2607 1101 2643 ..Und
1133 2607 1184 2641 sie
1217 2607 1362 2641 kiissten
1395 2606 1512 2641 sich.“

214 2680 252 2731 ²)
286 2685 372 2720 Dial.
395 2685 440 2720 vt
471 2685 513 2720 ad
546 2686 705 2720 Marciam
739 2686 781 2720 de
815 2686 1057 2721 consolatione
1091 2685 1169 2721 xlx
1200 2684 1226 2720 4
1258 2690 1292 2720 et
1315 2683 1359 2720 5:
1392 2685 1516 2732 Cogita
1548 2686 1651 2720 nullis
1683 2685 1883 2720 defunctum
1916 2685 2014 2720 malis
2046 2685 2160 2720 adlici.
2198 2685 2252 2719 illa
2284 2695 2371 2730 quae
2403 2695 2474 2719 no-

101 2740 321 2778 bisinteros
353 2742 483 2776 l'aciunt
516 2742 704 2785 terribiles.
738 2742 885 2777 fabulam
917 2753 1010 2776 esse.
1044 2742 1152 2776 nullas
1183 2741 1353 2776 inminere
1386 2742 1506 2777 mortis
1538 2742 1703 2776 tenebras
1734 2752 1799 2776 nec
1832 2752 2007 2776 carcerem
2040 2753 2105 2776 nec
2134 2741 2272 2776 flumina
2303 2741 2385 2786 igne
2407 2740 2475 2777 fla-

102 2798 237 2844 grantia
277 2810 343 2833 nec
383 2797 574 2833 obliuionis
605 2810 738 2833 amnem
772 2810 835 2833 nec
869 2798 1050 2832 tribunalia
1083 2803 1117 2832 et
1150 2809 1230 2833 reos
1262 2803 1295 2832 et
1328 2798 1359 2832 in
1393 2798 1448 2833 illa
1481 2798 1644 2833 libertate
1674 2802 1742 2832 tam
1775 2798 1850 2832 laxa
1883 2797 1972 2833 ullos
2005 2798 2127 2833 iterum
2159 2802 2340 2841 tyrannos.
2371 2793 2477 2832 luse-

104 2855 197 2890 runt
236 2852 317 2890 ista
351 2857 502 2903 poetae
542 2855 578 2888 et
608 2854 725 2889 uanis
756 2865 830 2890 nos
860 2853 1076 2902 ayitmtere
1106 2850 1341 2889 terroribus.
1418 2853 1440 2887 5
1482 2854 1576 2889 Mors
1615 2854 1774 2889 dolorum
1815 2854 1965 2889 omnium
2006 2853 2182 2889 exsolutio
2223 2857 2278 2888 est
2317 2857 2353 2887 et
2382 2852 2475 2898 finis,

100 2910 192 2946 ultra
222 2921 323 2955 quem
355 2911 441 2945 mala
475 2914 591 2945 nostra
625 2922 691 2946 non
724 2916 873 2954 exeunt.
923 2922 1010 2956 qnae
1050 2921 1114 2946 nos
1154 2910 1187 2945 in
1227 2906 1332 2946 illam
1375 2907 1724 2960 tranquillitatem,
1773 2908 1813 2944 ἰη
1853 2920 1931 2959 qua
1970 2912 2183 2958 antequam
2221 2918 2477 2944 nascer-emm·

79 2964 315 3011 ¹<iacuimm.
346 2966 496 3013 reponit.
561 2967 596 3001 Si
630 2972 843 3003 mortuorum
875 2967 999 3012 aliquis
1031 2967 1226 3002 miseretur.
1265 2971 1299 3002 et
1330 2978 1396 3002 non
1428 2972 1584 3002 natorum
1617 2966 1835 3002 misereatur.
1896 2966 1989 3001 Mors
2019 2976 2083 3000 nec
2114 2965 2241 3000 honum
2262 2976 2363 3000 necm
2385 2965 2477 3000 alum

106 3027 172 3058 est.
234 3023 267 3057 id
309 3022 401 3059 enim
444 3028 563 3069 potest
600 3028 658 3060 aut
689 3025 816 3059 bonnm
849 3028 906 3058 aut
939 3023 1060 3058 malum
1093 3020 1196 3059 esse.
1236 3023 1327 3068 quod
1360 3023 1488 3069 aliquid
1521 3028 1586 3058 est.
1649 3020 1761 3071 qnod
1789 3032 1886 3058 uero
1918 3020 2045 3070 ipsum
2076 3017 2183 3056 nihil
2209 3024 2266 3057 est
2297 3026 2331 3056 et
2362 3020 2478 3057 omnia

104 3078 139 3114 in
170 3078 312 3114 nihilum
346 3079 489 3125 redigit,
523 3079 606 3115 nulli
638 3091 702 3116 nos
734 3080 893 3115 fortunae
925 3079 1040 3114 tradit.
1103 3080 1187 3114 mala
1220 3082 1309 3114 enim
1344 3080 1505 3125 bonaque
1537 3080 1629 3114 circa
1651 3079 1796 3124 aliquam
1821 3083 2003 3113 uersantur
2023 3078 2212 3113 materiam.
2258 3089 2326 3113 non
2357 3079 2483 3123 potest

107 3134 142 3170 id
174 3134 310 3171 fortuna
344 3140 479 3176 tenere,
511 3137 603 3180 quod
634 3142 752 3172 natura
785 3136 928 3173 dimisit.
961 3147 1026 3170 nec
1057 3140 1175 3182 potest
1205 3136 1312 3171 miser
1342 3147 1421 3171 esse
1453 3135 1511 3181 qui
1542 3135 1654 3170 nullus
1685 3139 1751 3171 est.

2140 3204 2160 3236 4
