2690 3536
0 86 15 102 r.
48 92 69 106 ,ῃ
93 87 100 90 -
247 90 249 92 -

0 104 122 152 [W'f-
1077 143 1214 147 ---
1255 144 1479 149 ww—

93 233 211 294 eapit
243 249 432 291 unquam
470 249 645 290 magnos
681 238 814 275 molus
851 233 1021 276 humilis
1057 235 1162 277 tecti
1197 234 1368 292 plebeia
1403 235 1598 279 domus“
1643 245 1687 280 et
1724 237 1890 289 „Volat
1922 239 2138 298 ambiguis
2174 242 2337 286 mobilis
2377 245 2464 287 alis

91 303 237 348 hon-tw
266 302 402 360 idque
429 303 482 344 ab
510 317 561 344 ea
590 302 789 344 carminis
817 310 941 358 parte
969 302 1040 344 ubi
1067 302 1122 345 de
1151 303 1266 346 Iouis
1291 303 1471 348 fulmine
1497 306 1716 363 agebatur
1742 315 1958 349 remotum
1986 323 2072 351 non
2099 309 2312 369 intelligo,
2372 313 2461 354 Re-

92 373 206 417 ctius
239 387 336 415 cum
373 386 459 414 uno
496 370 698 414 Palatino
735 371 915 413 Gruteri
953 371 1080 412 altius
1119 372 1383 414 uersiculum
1432 373 1549 415 illum
1578 374 1893 418 collocabimus
1919 377 2005 418 sic:
2054 378 2298 430 „Metuens
2334 380 2459 423 caelo

91 441 294 499 Iuppiter
329 439 417 482 alto
448 439 598 482 Vicina
635 439 766 496 petit:
819 439 947 481 Circa
987 455 1123 498 regna
1152 449 1273 483 tonat
1294 456 1319 464 ’·
1371 441 1473 483 inde
1513 442 1568 485 de
1604 441 1775 485 fortuna
1813 459 1951 502 agens
1978 444 2034 502 ad
2061 446 2268 489 Theseae
2305 447 2461 492 domus

92 517 259 554 sortem
286 509 506 551 conuertit
532 507 780 550 auditorum
810 515 994 550 mentes.
1064 508 1154 550 Sed
1182 524 1316 565 quum
1345 525 1430 551 non
1459 511 1677 566 putandus
1706 512 1762 554 sit
1781 513 1955 555 Seneca
1982 514 2203 557 uersiculo
2232 516 2313 558 isto
2341 516 2459 559 clau·

31 600 34 601 ⁷
91 577 199 622 sisse
237 577 496 621 sententiam
524 601 587 608 -—
624 591 721 618 nam
761 576 793 617 is
829 592 934 618 sanc
972 592 1210 634 regnorum
1247 593 1331 620 non
1372 579 1552 621 breuem
1579 579 1801 622 iniecisset
1828 582 2111 636 mentionem,
2150 583 2230 626 sed
2258 599 2347 626 rem
2376 600 2457 627 suo

91 660 215 690 more
257 645 455 703 pluribus
500 653 714 687 executus
759 655 875 687 esset
922 646 1067 688 uerbis
1110 672 1178 678 —-
1228 645 1520 703 fragmentum
1569 663 1663 691 esse
1707 648 1917 706 strophae
1951 651 2261 708 asclepiadeae
2298 667 2460 695 censeo

88 713 400 773 respondentis
428 715 466 756 ei
494 729 609 770 quae
635 728 767 771 supra
794 714 1052 771 interposita
1079 724 1170 756 erat
1196 715 1250 764 ¹).

231 794 479 842 Quominus
506 801 685 851 praeter
709 793 822 835 hanc
849 793 1057 850 strophae
1083 794 1337 851 particulam
1366 797 1537 837 tertiam
1561 795 1790 839 Phaedrae
1818 798 2019 840 uersibus
2044 801 2275 842 781-84
2305 808 2458 844 extare

91 862 339 913 credamus,
368 877 496 919 quam
525 861 787 905 sententiam
815 862 947 903 tacite
973 863 1112 904 secuti
1139 872 1239 905 sunt
1267 863 1478 915 editores,
1519 874 1669 920 aperte
1697 865 1924 922 professus
1953 874 2018 909 est
2043 867 2253 910 Freesius
2280 869 2321 910 in
2348 868 2457 912 libro
2484 872 2486 874 ’

92 930 149 975 de
176 947 225 974 re
251 930 430 974 metrica
458 946 500 988 p.
531 932 644 981 415,
673 931 848 972 obstant
873 945 1085 987 perquam
1112 931 1260 974 multa.
1336 932 1456 974 Libri
1483 933 1706 989 impressi:

636 1011 726 1052 781
806 1009 1050 1051 Formosos
1077 1011 1231 1052 solitae
1258 1010 1466 1053 claudere
1494 1011 1713 1054 fontibus:

806 1077 866 1119 Et
892 1079 1053 1119 somnis
1082 1078 1245 1121 sacient
1271 1080 1448 1122 insidias
1475 1081 1560 1122 tuis

975 1146 1191 1188 Lasciuae
1218 1163 1441 1190 nemorum
1470 1148 1582 1191 deae

979 1215 1313 1274 Montiuagique
1344 1217 1499 1258 Panes.

229 1295 290 1338 Et
316 1294 501 1351 primum
525 1292 703 1349 quidem
730 1293 909 1349 stropha
940 1302 1133 1350 quatuor
1160 1309 1367 1338 uersuum
1397 1312 1496 1338 esse
1524 1312 1608 1338 non
1637 1304 1796 1352 potest.
1823 1297 1924 1353 quia
1952 1297 2193 1340 cohaerent
2220 1314 2261 1341 u.
2292 1301 2388 1343 780
2416 1309 2460 1343 et

94 1365 185 1408 ⁷81
225 1378 372 1419 neque
407 1363 536 1405 etiam
573 1376 682 1404 uero
718 1370 783 1404 est
809 1362 946 1403 simile
984 1371 1160 1418 poetam
1195 1364 1452 1420 particulam
1493 1373 1732 1407 extremam
1769 1365 1902 1421 partis
1940 1365 2033 1408 eius
2071 1382 2185 1422 quae
2222 1382 2246 1408 a
2284 1383 2321 1409 u.
2362 1370 2456 1410 777

92 1447 235 1490 usque
266 1431 322 1474 ad
358 1447 399 1474 u.
433 1432 526 1474 784
564 1430 743 1488 legitur.
788 1446 872 1472 non
910 1431 1125 1488 insignem
1162 1432 1274 1474 illam
1311 1448 1426 1475 noua
1454 1433 1672 1476 sententia
1699 1433 1778 1475 sed
1805 1449 1919 1490 quae
1947 1434 2132 1476 eandem
2161 1449 2250 1477 rem
2279 1451 2364 1478 non
2393 1435 2459 1478 di-

92 1497 223 1545 uersa
259 1500 430 1542 ratione
467 1507 774 1556 persequatur.
822 1499 1013 1541 uoluisse
1050 1503 1240 1542 numeris
1278 1502 1500 1559 distingui.
1575 1502 1660 1549 Qui
1707 1510 1852 1544 autem
1890 1510 2015 1559 putat
2048 1502 2212 1546 sactum
2251 1520 2348 1547 esse
2374 1504 2460 1548 hoc

90 1569 194 1613 loco
221 1569 343 1626 quod
370 1568 411 1611 in
439 1567 577 1611 altera
605 1568 803 1609 carminis
832 1577 954 1624 parte
982 1584 1094 1625 quae
1122 1580 1185 1611 est
1214 1586 1265 1611 ex
1294 1570 1512 1628 sapphicis
1542 1588 1578 1612 u.
1617 1572 1883 1612 til-752
1910 1571 2148 1614 instituerit
2173 1573 2386 1631 tragicus,
2413 1581 2463 1617 ut
2504 1624 2515 1634 ἱ

88 1632 296 1681 breuiore
333 1637 554 1680 uersiculo
591 1637 687 1678 finis
719 1645 946 1678 constaret
978 1639 1240 1687 sententiae,
1288 1655 1371 1680 non
1413 1639 1534 1681 uidet
1567 1638 1774 1681 adonium
1811 1639 1939 1681 ualde
1967 1639 2148 1682 differre
2183 1656 2208 1682 a
2233 1641 2457 1699 glyconeo

91 1722 190 1750 cum
228 1706 524 1749 choriambico
563 1705 634 1762 qui
670 1705 869 1762 sequitur
905 1720 1036 1747 uersu
1073 1722 1152 1749 nec
1189 1707 1326 1749 simile
1364 1707 1603 1764 quidquam
1639 1723 1772 1764 posse
1800 1725 1822 1748 e
1851 1709 1994 1765 poetis
2020 1709 2163 1752 latinis
2190 1711 2459 1768 graecisque

92 1772 314 1834 afferi-3²).
390 1773 573 1816 Accedit
606 1782 654 1816 ut
689 1775 761 1830 qui
801 1775 1024 1831 stropham
1060 1775 1173 1817 illam
1211 1776 1459 1819 effecerunt
1495 1792 1576 1818 nec
1613 1776 1859 1818 sententiae
1886 1793 1966 1819 nec
1994 1777 2199 1820 codicum
2226 1778 2460 1821 habuerint

91 1845 322 1887 rationem.
400 1842 518 1891 Quid
546 1843 658 1884 enim
696 1842 751 1884 de
780 1843 971 1884 Panibus
1007 1843 1248 1886 timendum
1272 1845 1549 1902 Hippolyto?
1598 1846 1725 1887 immo
1755 1845 1810 1887 de
1837 1845 2034 1903 nymphis
2062 1846 2324 1904 procacibus
2352 1863 2460 1904 qua·

91 1912 177 1956 lem
214 1911 432 1956 Salmacin
470 1912 688 1967 expressit
723 1911 911 1954 Ouidius
947 1912 1051 1954 Met.
1087 1913 1174 1954 llll
1213 1915 1496 1957 315—328
1533 1929 1625 1970 sqq.
1709 1914 1994 1971 intelligenda
2028 1923 2130 1957 sunt
2164 1915 2285 1957 chori
2323 1915 2461 1958 uerba

93 1995 277 2040 quarum
318 1988 364 2022 ut
398 1980 604 2023 lasciuiae
638 1979 811 2037 signum
851 1979 1039 2021 adderet
1077 1993 1206 2036 poeta
1244 1982 1439 2024 adiunxit
1479 1983 1611 2024 haec:
1650 1984 1800 2024 Panas
1827 1998 1937 2037 (setae
1963 1984 2168 2039 Dryades
2195 1987 2462 2041 montivagos

87 2054 246 2107 peliae!
333 2065 445 2106 quae
480 2063 744 2105 quamquam
779 2056 881 2090 sunt
915 2048 1115 2090 omnibus
1154 2050 1285 2091 codd.
1325 2050 1484 2093 tradita
1520 2058 1651 2107 atque
1687 2050 1863 2107 plenum
1891 2051 2218 2108 asclepiadeum
2247 2051 2459 2106 efficiunt,
2497 2068 2499 2072 ·

93 2126 172 2162 aut
205 2117 470 2161 deleuerunt
505 2117 698 2159 editores
736 2125 812 2159 aut
850 2132 945 2158 cum
985 2117 1215 2159 Gronouio
1255 2118 1448 2161 absurde
1483 2127 1767 2161 mutauerunt
1799 2119 1883 2161 ita:
1936 2121 2075 2162 Panes
2108 2137 2219 2177 quas
2258 2120 2460 2177 Dryades

93 2188 349 2243 montiuagi
371 2194 540 2243 petunt.
614 2187 778 2228 Verum
807 2185 1042 2244 appingam
1071 2202 1185 2243 quae
1213 2187 1299 2245 legi
1327 2189 1366 2229 in
1396 2187 1722 2247 Rehdigeranis
1754 2188 1813 2229 10
1842 2195 1886 2230 et
1918 2190 2002 2230 tl:

638 2277 803 2334 Cinget
826 2277 956 2319 turba
983 2277 1118 2319 licens
1424 2279 1603 2335 (licens.
1633 2276 1683 2320 al'
1711 2278 1845 2320 licens
1878 2280 1979 2335 ll).

639 2344 838 2393 Naiades
866 2346 1064 2401 improbe
1091 2346 1312 2388 formosos
1339 2347 1468 2390 solite
1675 2345 1911 2403 (Na>·ades
1943 2349 2031 2396 ll]

641 2413 864 2455 Claudere
890 2413 1084 2455 fontibus

640 2482 702 2524 Et
727 2483 891 2524 somnis
918 2481 1083 2524 facient
1107 2482 1287 2525 insidias
1315 2484 1399 2525 tuis

542 2553 568 2592 5
644 2551 833 2593 Lasciue
862 2566 1088 2592 nemorum
1118 2550 1200 2593 dee

642 2687 948 2746 Montiuagiue
977 2702 1127 2744 panes.

543 2757 570 2798 S
648 2756 790 2798 Panas
819 2771 906 2812 que
935 2755 1111 2797 driades
1140 2756 1420 2813 montiuagos
1454 2765 1618 2812 petunt.

223 2880 256 2931 ¹)
288 2885 434 2921 Prorsus
472 2886 602 2921 deleuit
643 2887 729 2921 baec
771 2887 876 2921 uerba
908 2883 954 2921 Ν
981 2886 1055 2934 (est
1093 2890 1207 2921 autem
1239 2886 1417 2921 Fabricius
1448 2885 1743 2931 Chemnitzeusis)
1783 2885 1898 2920 editor
1927 2885 2120 2931 Lipsiensis
2151 2897 2168 2920 a
2200 2885 2382 2937 Motxvt.
2418 2908 2469 2916 —-

102 2940 152 2975 De
182 2941 355 2976 sententia
385 2941 455 2977 uid.
488 2942 625 2977 Seneca
657 2953 712 2988 ep.
747 2943 773 2977 ΙΙ
807 2938 829 2976 7
861 2939 885 2976 9
919 2939 1024 2987 [19];
1072 2942 1200 2977 dictum
1233 2943 1442 2977 Maecenatis
1474 2969 1482 2977 .
1525 2955 1555 2976 .:
1588 2942 1691 2989 „ipsa
1724 2943 1813 2977 enim
1844 2941 1990 2976 altitudo
2020 2945 2153 2976 attonat
2183 2944 2356 2978 summa.“

218 3002 258 3052 2)
289 3007 326 3042 Si
358 3014 466 3054 poeta
498 3015 537 3044 ut
566 3010 756 3057 sapphicos
787 3010 915 3045 adonio
948 3011 1148 3054 glyconeos
1180 3011 1410 3055 pherecraten
1441 3010 1487 3044 ita
1520 3010 1621 3044 etiam
1653 3010 1896 3056 asclepiadeos
1918 3008 2090 3044 uoluisset
2110 3009 2272 3045 breuiore
2294 3011 2469 3046 uei-siculo

100 3064 205 3109 finiri,
237 3074 306 3099 uon
336 3064 414 3100 duta
448 3071 524 3101 erat
553 3066 653 3112 optio
684 3064 748 3101 sed
780 3066 999 3101 adhibendus
1033 3071 1107 3101 erat
1137 3078 1225 3100 unus
1255 3067 1452 3110 glyconeus
1485 3076 1586 3111 quem
1617 3065 1852 3111 asclepiadeis
1882 3064 2011 3100 subicit
2030 3064 2193 3101 Horatius
2222 3065 2256 3101 in
2288 3077 2333 3102 eo
2358 3071 2471 3104 metro

101 3120 158 3155 cui
187 3121 292 3156 tertio
323 3120 551 3167 asclepiadeo
582 3127 636 3157 est
665 3132 805 3157 nomen.

2132 3190 2182 3222 4*
