2690 3536
1291 76 1322 146 ,1³

112 241 315 284 Senecae
350 236 638 281 monometris
670 235 864 280 adbibita
890 251 931 295 p.
966 237 1075 281 147.
1102 235 1159 280 de
1185 235 1394 281 trimetris
1421 251 1461 295 p.
1496 238 1605 281 149.
1633 235 1876 281 clausulam
1904 235 2127 280 enunciati
2154 250 2252 280 cum
2278 243 2496 295 systema-

112 315 205 354 tum
240 307 328 351 tine
362 305 543 350 euenire
579 320 619 363 p.
648 305 758 349 238.
801 304 857 347 de
884 304 1177 364 hypermetris
1216 304 1421 349 uersibus
1446 321 1489 365 p.
1525 307 1665 362 182.)
1692 319 1825 364 quam
1853 319 2003 348 remeo
2032 306 2335 349 confirmatam
2363 303 2492 350 uide-

112 392 208 421 mus
242 373 365 436 quod
401 390 536 434 quum
564 373 779 418 Horatius
803 374 934 417 etiam
960 381 1066 433 post
1090 382 1260 419 sextam
1288 374 1471 418 breuem
1507 374 1821 435 sapphicorum
1855 373 2038 418 fecisset
2062 388 2293 418 caesuram
2321 374 2495 418 Seneca

111 454 371 491 constanter
397 445 491 487 lieri
519 458 613 487 eam
640 443 761 486 iubet
787 451 889 502 post
914 444 1112 501 quintam
1138 442 1351 502 syllabam
1374 440 1425 494 ¹).

252 527 411 584 Neque
438 523 557 583 apud
584 532 763 567 ceteros
789 531 946 582 poetas
974 532 1252 569 contractum
1287 524 1327 567 in
1356 522 1579 582 sapphicis
1607 522 1812 567 uersibus
1839 522 2210 582 logaoedicisque
2237 523 2406 566 metrici
2430 521 2497 566 in-

112 603 334 643 uenerunt
367 603 548 655 praeter
574 592 738 637 Catulli
771 608 812 637 c.
853 592 958 637 in
996 609 1038 637 u.
1068 596 1131 637 ⁶25
1169 596 1372 636 nutriunt
1406 594 1581 635 immor«
1624 592 1699 650 qui
1736 599 1892 649 aperte
1927 601 1996 636 est
2030 600 2271 652 corruptus
2298 599 2344 635 et
2367 590 2496 635 Statii

111 665 223 709 Silu.
263 665 279 707 1
317 666 346 706 6
390 660 472 706 1⁴3²
488 667 520 716 ).
596 661 669 705 De
695 661 958 706 Catullianis
990 661 1375 719 hendecasyllabis
1403 676 1441 706 c.
1472 661 1548 703 LV
1577 660 1682 719 quid
1721 661 1924 714 sentiam,
1951 660 2063 705 infra
2090 675 2325 720 exponam.
2397 659 2496 704 Du-

110 734 198 778 rari
235 741 383 775 autem
419 730 538 790 apud
574 739 733 789 poetas
767 734 787 774 o*
820 731 1024 775 uocalem
1064 731 1223 790 passim
1260 730 1510 775 inuenimus
1559 745 1647 789 quo
1682 729 1851 789 syllaba
1895 730 2044 774 breuis
2078 729 2370 789 producatur.
2445 728 2495 773 ld

110 810 266 861 aperte
303 800 468 845 lactum
503 815 527 843 a
556 799 734 844 Catullo
767 800 841 858 qui
877 816 1009 858 quum
1048 814 1266 859 nusquam
1292 798 1768 857 hendecasyllaborum
1796 798 1919 842 basin
1947 798 2113 844 effic-iat
2138 798 2278 843 tribus
2303 797 2497 857 syllabis,

107 870 365 930 saepissime
390 869 618 913 iambicam
647 875 723 925 (ut
750 869 857 912 Llll
887 870 914 912 3
946 868 1094 913 XLIX
1129 871 1146 913 l
1181 871 1314 929 etc.)‚
1342 868 1536 912 carmine
1565 867 1642 911 LV
1673 884 1711 911 u.
1746 870 1827 912 10:

829 949 1082 994 Camerium
1110 965 1293 1008 quoque
1318 950 1556 1008 pessimum
1583 956 1764 1008 poetam

108 1029 354 1076 secundam
393 1029 516 1073 uocis
551 1028 867 1072 Camerium
902 1029 1114 1087 syllabam
1153 1029 1297 1074 uoluit
1343 1034 1364 1072 ι’
1396 1029 1520 1074 litera
1554 1028 1759 1088 produci.
1832 1043 1920 1088 qua
1963 1029 2004 1072 in
2055 1043 2102 1072 re
2146 1027 2496 1072 consentientem

110 1099 247 1146 uideo
274 1098 536 1143 Muellerum
562 1113 603 1156 p.
631 1099 746 1141 257.

250 1181 333 1237 (b)
372 1180 625 1238 Supersunt
651 1176 743 1222 duo
770 1194 942 1233 uersus,
987 1178 1101 1224 alter
1127 1180 1200 1224 ubi
1225 1196 1249 1223 e
1283 1178 1453 1223 uocalis
1480 1186 1664 1237 propter
1689 1186 1878 1222 metrum
1904 1192 2004 1221 cum
2030 1193 2056 1221 a
2082 1177 2143 1221 ita
2170 1175 2365 1220 debebat
2389 1189 2499 1220 con-

109 1263 330 1301 crescere,
376 1257 423 1292 ut
457 1262 586 1307 quam
620 1257 873 1306 sequuntur
906 1250 1085 1292 breuem
1121 1247 1315 1293 reddant
1349 1248 1556 1307 longam:
1600 1242 1802 1293 iaee'flt.
1874 1247 1984 1292 Eius
2014 1245 2194 1306 generis
2230 1258 2495 1304 quamquam

109 1334 198 1363 non
225 1317 397 1377 prolata
423 1325 526 1361 sunt
551 1331 604 1360 ex
633 1318 839 1361 Senecae
875 1317 1123 1378 tragoediis
1158 1318 1266 1362 satis
1291 1317 1427 1362 multa
1463 1325 1599 1376 atque
1633 1317 1890 1377 suspicione
1922 1316 2060 1360 libera
2098 1314 2315 1374 exempla,
2349 1323 2495 1359 tamen

108 1402 181 1431 res
215 1387 311 1446 ipsa
348 1385 627 1430 dubitatione
662 1395 786 1430 caret
819 1402 871 1430 ex
899 1395 1154 1431 ceterorum
1181 1394 1416 1447 poetarum
1444 1386 1718 1431 testimoniis.
1791 1386 1884 1431 Sed
1911 1393 2120 1446 poterant
2145 1399 2198 1428 ex
2224 1383 2291 1428 bis
2317 1398 2499 1444 quoque

108 1455 358 1517 tragoediis
385 1454 587 1514 exempla
614 1454 835 1514 quaedam
884 1457 991 1500 satis
1018 1464 1141 1501 certa
1167 1457 1331 1501 afferri.

248 1535 450 1595 De'l'liy.
478 1537 633 1580 u.233
662 1536 858 1581 nondum
885 1538 992 1582 satis
1018 1546 1209 1584 constat.
1248 1537 1496 1582 adscribam
1524 1552 1641 1595 quae
1667 1535 1882 1596 leguntur
1907 1536 1948 1579 in
1976 1535 2218 1579 codicibus.
2256 1535 2498 1579 Etruscus:

108 1605 244 1651 fatale
277 1621 412 1649 saxeo
452 1620 721 1663 pascuum
758 1621 909 1650 muro
946 1616 1121 1666 tegens.
1197 1608 1379 1651 Saxeo
1425 1607 1555 1650 etiam
1590 1607 1631 1649 in
1664 1605 1885 1650 nonnullis
1912 1604 2271 1648 Commelinianis
2298 1610 2497 1663 apparet.

109 1683 266 1735 aperte
290 1675 489 1734 ineptum
516 1673 696 1718 uidetur
721 1675 955 1730 Muellero,
985 1675 1186 1721 defendit
1217 1675 1486 1720 Schmidtius
1514 1692 1555 1735 p.
1573 1678 1647 1719 1‘2.
1686 1674 1773 1719 Ed.
1801 1674 1919 1718 Basil
1947 1693 1956 1716 :
1984 1673 2143 1718 Fatale
2169 1689 2303 1716 saxeo
2329 1687 2497 1731 pecus

109 1758 263 1788 muro
291 1753 465 1803 tegens.
520 1742 570 1787 ln
590 1743 919 1804 Rehdigeranis
951 1747 1011 1789 10
1044 1748 1128 1790 ll:
1156 1746 1315 1790 Fatale
1339 1761 1466 1789 sacro
1492 1760 1755 1804 pascuum
1784 1759 1934 1788 more
1962 1744 2046 1801 (11
2070 1761 2081 1787 z
2118 1743 2296 1802 muro)
2323 1750 2496 1803 tegens.

109 1812 315 1857 Vratisl.:
341 1812 371 1855 f.
397 1828 525 1856 sacro
550 1829 591 1872 p.
619 1819 757 1857 moute
783 1822 814 1860 t.
850 1814 911 1859 Et
935 1831 1062 1858 sacro
1088 1816 1220 1860 etiam
1245 1815 1287 1859 in
1316 1815 1477 1859 ceteris
1506 1814 1701 1874 uulgatis
1728 1814 1847 1858 libris
1875 1813 2121 1857 exhibetur.

250 1893 394 1937 Minus
420 1893 553 1937 dubia
581 1902 649 1938 est
674 1895 925 1939 emendatio
952 1895 1038 1939 loci
1065 1897 1173 1940 Tro.
1200 1911 1242 1940 u.
1276 1897 1363 1939 191
1387 1913 1397 1938 2
1517 1955 1562 1966 Α

829 1964 896 2009 lte
922 1966 982 2008 ite
1006 1966 1187 2009 inertes.
1239 1965 1442 2008 manibus
1469 1970 1602 2007 meis
1631 1963 1805 2006 debitos

994 2034 1182 2078 Auferte
1211 2034 1406 2078 honores

109 2126 282 2171 „quem
352 2119 502 2170 potest
556 2110 697 2155 uideri
749 2114 1001 2171 respexisse
1053 2115 1354 2164 Quintilianus
1398 2114 1507 2157 Vlll
1555 2115 1612 2166 3,
1666 2115 1772 2156 ‘25⁴⁶
1837 2110 1992 2171 (apud
2045 2125 2176 2169 quem
2243 2114 2322 2153 me's
2376 2118 2499 2154 recte

111 2181 364 2240 Zumptius,
402 2181 527 2224 miis
554 2180 811 2225 Bonnellius
837 2182 1039 2242 scripsit)
1067 2210 1132 2216 —
1160 2185 1232 2227 cui
1259 2192 1304 2228 et
1329 2183 1520 2227 Mueller
1546 2199 1587 2241 p.
1617 2184 1714 2225 ⁶2:35
1755 2190 1800 2225 et
1826 2179 2095 2224 Schmidtius
2129 2196 2171 2238 p.
2204 2180 2263 2223 12
2299 2178 2500 2238 adstipu-

112 2249 274 2293 lantur.
302 2248 635 2293 AddoMedeae
661 2265 705 2294 u.
726 2253 822 2295 778
850 2252 925 2309 qui
954 2253 1074 2295 uirus
1101 2248 1442 2297 Hercule'um
1470 2252 1592 2304 bibit,
1622 2251 1692 2294 ubi
1720 2269 1741 2293 e
1770 2261 1815 2294 et
1847 2267 1872 2292 η
1900 2248 2149 2292 coniunctis
2176 2248 2306 2292 etiam
2330 2247 2498 2306 syllaba

111 2318 388 2377 praecedens
414 2317 696 2377 producitur:
741 2334 827 2363 non
866 2322 980 2364 enim
1003 2324 1206 2365 Senecae
1240 2321 1593 2365 condonabimus
1630 2319 1753 2379 quod
1781 2319 1942 2363 Boetio
1981 2327 2048 2362 est
2074 2317 2335 2377 permissum
2363 2317 2434 2374 (11
2468 2320 2493 2360 7

234 2450 275 2505 ¹)
305 2466 374 2491 non
405 2455 515 2503 igitur
543 2455 650 2492 uideo
680 2456 859 2503 quomodo
898 2461 995 2493 recte
1033 2457 1152 2494 miram
1191 2458 1399 2506 punitatem
1430 2457 1563 2505 ingenii
1603 2457 1697 2504 quod
1730 2456 1895 2493 metricas
1933 2465 1991 2492 res
2029 2454 2154 2491 attinet
2184 2455 2345 2491 Senecae
2383 2453 2500 2503 possit

114 2512 261 2550 obicere
292 2510 463 2548 Lucienus
493 2512 637 2549 Dlueller
665 2524 700 2560 p.
735 2510 827 2550 16⁴.
890 2514 946 2550 cai
978 2515 1034 2551 uel
1066 2516 1134 2551 hoc
1164 2515 1372 2551 aduersatur
1401 2515 1495 2562 quod
1527 2514 1614 2551 dicit
1642 2526 1678 2562 p.
1710 2510 1793 2549 2⁴5
1833 2512 1950 2557 „Quis
1980 2511 2102 2548 credat
2131 2512 2312 2548 Annaeum
2342 2510 2380 2548 ia
2407 2510 2499 2548 iam-

114 2568 206 2606 bicis
235 2569 359 2604 metris
389 2580 430 2604 ea
460 2570 647 2605 insolentis
679 2570 789 2605 fuisse
821 2582 919 2606 usum
952 2583 1052 2618 quam
1083 2583 1128 2608 ne
1159 2572 1193 2608 in
1225 2571 1412 2616 dactylicis
1442 2571 1583 2618 quidem
1606 2568 1866 2606 adhibuerit?“
1898 2568 2011 2617 (quod
2034 2580 2135 2615 qnam
2158 2568 2205 2605 sit
2225 2567 2348 2604 falsum
2369 2578 2499 2604 exem-

113 2627 252 2674 plorum
273 2636 418 2661 nomem
439 2626 627 2673 proditur).
666 2627 784 2673 Neque
816 2632 914 2663 recte
944 2640 978 2675 p.
1002 2624 1084 2663 2⁸3
1107 2628 1199 2664 idem
1221 2629 1392 2666 Senecam
1425 2640 1502 2663 cum
1526 2627 1671 2663 lloratio
1694 2631 1892 2674 comparat:
1924 2626 2000 2671 „ita
2024 2624 2157 2662 llorstii
2189 2636 2257 2661 non
2290 2624 2381 2661 idem
2413 2636 2499 2661 usus

115 2683 148 2719 ia
180 2682 317 2719 melicis
346 2686 383 2719 et
411 2682 577 2721 satiricis.
609 2682 655 2718 its
686 2684 822 2718 Seneca
855 2685 888 2720 in
920 2685 1074 2721 choricis
1105 2684 1213 2732 longe
1243 2685 1309 2721 alia
1342 2690 1416 2722 arte
1448 2685 1557 2721 utitur
1598 2695 1699 2732 quam
1731 2683 1765 2719 in
1796 2682 2014 2719 diaerbiis“:
2057 2686 2155 2718 rec-te
2185 2682 2326 2728 quiden·
2357 2682 2399 2719 sd
2430 2693 2498 2726 sy-

114 2739 334 2786 naloephen,
392 2739 457 2775 sed
497 2739 639 2776 chorica
679 2744 716 2776 et
745 2740 903 2777 diuerbis
935 2742 1093 2777 Senecae
1129 2741 1272 2779 omnino
1303 2753 1373 2779 non
1403 2740 1494 2778 adeo
1525 2740 1690 2777 dill'erunt
1720 2745 1795 2776 srte
1826 2751 1927 2787 quarn
1959 2739 2091 2776 lloratii
2123 2739 2274 2775 carmina
2305 2742 2342 2775 et
2370 2738 2499 2775 satirae

116 2806 195 2831 cum
226 2795 402 2842 epistolis.
1728 2813 1729 2817 ¹

233 2846 272 2901 ²)
302 2852 435 2888 Statius
464 2851 588 2888 Silu.l
621 2848 647 2886 ὃ
682 2849 755 2888 lu:
789 2852 899 2899 largis
928 2853 1129 2900 gratuitum
1162 2853 1255 2890 cadit
1287 2854 1432 2902 rapinis.
1473 2854 1518 2890 de
1551 2863 1622 2901 quo
1653 2853 1734 2889 loco
1766 2864 1810 2890 ex
1842 2853 1999 2889 metricis
2030 2852 2171 2900 legibus
2191 2852 2288 2899 prius
2308 2857 2383 2888 erat
2404 2852 2503 2888 iudi-

117 2907 265 2943 candum
297 2919 397 2955 quarn
428 2919 473 2944 ex
503 2908 740 2956 prosodiacis.
800 2920 866 2956 qus
897 2909 941 2944 dc
973 2921 1011 2945 re
1042 2911 1100 2957 qui
1131 2922 1242 2958 nuper
1273 2909 1307 2947 in
1338 2911 1460 2947 museo
1491 2910 1656 2947 Rlienano
1687 2909 1783 2947 xvn
1814 2905 1964 2957 (1802)
1995 2921 2029 2956 p.
2062 2905 2142 2945 457
2176 2920 2231 2955 sq.
2290 2909 2500 2946 sententiam

116 2963 197 3001 tulit
222 2964 416 3001 Guilelmus
446 2964 670 3009 Schmitzius,
702 2969 802 3001 recte
832 2966 972 3013 quidem
1004 2966 1039 3002 in
1069 2977 1174 3003 uersu
1205 2968 1364 3004 Statiano
1395 2968 1545 3004 solutam
1576 2967 1660 3003 dicit
1693 2966 1965 3013 diphthongum,
1998 2970 2035 3002 ut
2064 2964 2174 3002 staret
2206 2975 2344 3002 uersus.
2404 2975 2499 3003 nun-

115 3032 219 3068 quam
250 3020 342 3057 enim
372 3021 506 3057 Statius
534 3022 678 3067 dactylo
698 3022 806 3058 utitur
827 3022 977 3070 spondei
998 3022 1095 3059 loco.
1136 3024 1200 3059 sed
1232 3036 1301 3061 non
1323 3024 1470 3060 eandem
1502 3024 1560 3060 ille
1582 3022 1751 3061 rationem
1784 3022 1816 3059 in
1849 3022 2083 3059 fortuitus
2104 3033 2194 3058 uoce
2216 3022 2374 3059 adhibuit
2394 3033 2495 3070 quam

116 3077 207 3125 apud
223 3077 397 3114 Ueniliam
428 3078 441 3114 1
466 3074 545 3113 182
567 3078 681 3115 soluta
711 3078 934 3127 diphthongo
964 3079 1153 3127 legendum
1185 3091 1267 3117 esse
1297 3081 1454 3118 ostendit
1473 3080 1508 3117 1..
1529 3080 1675 3117 Mueller
1704 3092 1739 3127 p.
1759 3076 1854 3118 258.
1896 3079 2059 3116 Ceterum
2091 3084 2233 3127 praeter
2263 3090 2304 3115 ea
2335 3078 2496 3127 exempla

117 3145 206 3181 qnae
237 3134 387 3183 collegit
416 3134 634 3170 Forrcllinus
663 3136 727 3170 alin
760 3136 850 3171 nulla
881 3136 1096 3184 comparauit
1126 3137 1350 3174 Sclimitzius.

2588 149 2599 162 ν
2623 139 2690 187 ¹5⁴5)
