2690 3536
188 1181 367 1280 Quum
415 1222 625 1263 autumno
672 1218 776 1262 anni
813 1215 911 1262 LXI
948 1215 1264 1262 Vratislauiam
1311 1222 1474 1262 uocato
1514 1216 1616 1262 mihi
1655 1215 1832 1262 tandem
1872 1219 2135 1278 contigisset
2180 1222 2227 1262 ut
2264 1216 2447 1263 codices
2484 1220 2557 1279 qui

185 1307 246 1354 ibi
299 1310 344 1354 in
392 1307 664 1354 bibliotheca
714 1306 1033 1368 Rehdigerana
1082 1314 1373 1354 asseruantur
1418 1308 1754 1368 tragoediarum
1801 1309 2010 1355 Senecae
2057 1309 2375 1370 perlustrarem
2421 1315 2556 1370 atque

185 1401 364 1462 penitus
410 1405 702 1456 excuterem,
759 1399 920 1444 allatus
966 1405 1035 1444 est
1082 1399 1264 1444 Luciani
1301 1399 1508 1446 Muelleri
1553 1399 1669 1444 liber
1715 1413 1846 1460 quem
1896 1401 1951 1445 de
1995 1414 2046 1445 re
2092 1402 2277 1446 metrica
2323 1406 2557 1461 poetarum

185 1491 423 1537 latinorum
474 1496 657 1552 praeter
697 1490 900 1536 Plautum
949 1496 993 1535 et
1029 1490 1289 1536 Terentium
1335 1492 1512 1552 scripsit
1560 1490 1657 1550 (ed.
1696 1490 1872 1552 Lipsiae
1914 1492 1958 1536 in
1996 1490 2181 1537 aedibus
2220 1490 2272 1536 Β.
2313 1490 2366 1536 G.
2405 1491 2558 1538 Teub-

186 1585 286 1629 neri
322 1598 364 1628 a.
403 1580 756 1641 MDCCCLXI).
829 1581 942 1627 Eum
982 1584 1127 1627 statim
1166 1584 1356 1642 arripui,
1412 1590 1545 1643 quum·
1582 1582 1638 1627 de
1676 1596 1729 1627 ea
1767 1597 1817 1627 re
1862 1596 1990 1643 quam
2028 1584 2126 1643 ipse
2162 1582 2296 1628 modo
2332 1587 2561 1628 tractaue-

186 1689 307 1732 ram,
364 1673 524 1735 Oedipi
575 1673 676 1719 dico
714 1679 759 1719 et
797 1674 1153 1733 Agamemnonis
1201 1675 1402 1721 cantica.
1458 1688 1691 1735 sperarem
1738 1673 1838 1719 fore
1882 1679 1928 1718 ut
1977 1688 2132 1719 sanum
2181 1673 2371 1719 hominis
2417 1676 2557 1719 nostri

186 1767 403 1828 temporis
440 1765 646 1811 iudicium
684 1764 898 1810 audirem.
971 1764 1085 1811 Nam
1124 1779 1183 1810 ex
1223 1779 1308 1825 quo
1347 1765 1652 1826 Hieronymus
1691 1765 1910 1811 Auantius
1949 1764 2230 1810 Veronensis
2268 1763 2323 1810 de
2361 1766 2559 1811 carmine

187 1857 380 1903 iambico
430 1859 629 1902 trimetro
676 1855 791 1917 apud
829 1856 878 1902 L.
917 1857 1154 1902 Annaeum
1191 1856 1415 1902 Senecam
1453 1856 1694 1916 Tragicum
1732 1861 1777 1901 et
1815 1855 2039 1915 Georgius
2076 1855 2309 1901 Fabricius
2347 1854 2558 1901 Chemni-

190 1948 342 1994 censis
380 1948 436 1992 de
474 1948 657 2008 reliquis
695 1947 821 1993 huius
860 1953 1024 2007 poetae
1062 1951 1306 1993 carminum
1344 1947 1590 2007 generibus
1626 1949 1819 2007 scripsit,
1862 1960 1995 1992 nemo
2031 1947 2177 1992 extitit
2215 1948 2288 2007 qui
2323 1947 2367 1992 in
2404 1948 2559 1992 metri-

190 2041 256 2085 cis
294 2038 503 2086 Senecae
540 2038 786 2084 rationibus
824 2038 985 2098 aliquid
1026 2038 1156 2084 studii
1194 2043 1386 2099 poneret
1423 2044 1526 2083 ante
1563 2038 1844 2084 Muellerum.
1905 2037 1999 2083 Vix
2036 2039 2153 2083 enim
2190 2037 2312 2098 digni
2348 2043 2450 2085 sunt
2486 2040 2559 2099 qui

190 2132 478 2177 nominentur
523 2129 843 2176 Grotefendius
894 2128 1078 2175 Bothius
1124 2129 1198 2175 alii
1243 2131 1314 2190 qui
1363 2129 1555 2175 Fabricii
1603 2134 1860 2191 prementes
1907 2129 2099 2189 uestigia
2147 2127 2350 2174 codicum
2393 2128 2559 2175 nullam

190 2221 293 2268 fere
339 2221 577 2267 habuerint
623 2223 840 2267 rationem
897 2236 982 2266 nec
1039 2227 1185 2267 tamen
1241 2222 1350 2267 alias
1405 2236 1515 2281 quas
1561 2225 1859 2281 sequerentur
1902 2221 2101 2266 rationes
2148 2221 2192 2265 in
2236 2219 2559 2266 constituendis

191 2312 402 2360 Senecae
462 2312 733 2358 carminibus
788 2314 1056 2358 inuenerint.
1156 2312 1357 2372 Legendi
1412 2314 1546 2373 igitur
1602 2311 1806 2373 cupidum
1866 2324 1954 2356 non
2008 2310 2223 2357 deterruit
2276 2310 2559 2357 inhumanum

189 2405 275 2450 uiri
319 2406 543 2465 ingenium
594 2404 709 2463 (uid.
757 2417 861 2464 pag.
901 2401 966 2447 25
1018 2402 1115 2449 146
1165 2401 1263 2448 160
1299 2431 1367 2438 -
1406 2401 1504 2448 144
1553 2400 1651 2448 149
1711 2403 1914 2463 aliosque
1966 2402 2150 2460 locos),
2215 2415 2303 2460 quo
2350 2401 2563 2464 abreptus

191 2497 316 2542 uiros
353 2495 557 2542 doctrina
594 2494 838 2542 subtilitate
876 2493 1088 2540 industria
1127 2493 1401 2540 humanitate
1441 2507 1610 2539 morum
1649 2495 1855 2539 castitate
1891 2498 2174 2554 praestantes
2208 2506 2298 2539 non
2337 2499 2406 2540 est
2441 2496 2563 2539 ueri·

192 2592 265 2633 tus
301 2587 544 2647 ignominia
582 2586 886 2647 adspergere:
944 2585 1097 2631 allexit
1145 2585 1346 2631 doctrina
1396 2585 1623 2645 diligentia
1670 2586 1896 2645 sagacitas
1942 2599 2027 2645 qua
2074 2583 2386 2631 subtilissimas
2422 2598 2564 2645 quae-

192 2680 363 2725 stiones
410 2677 615 2723 uidebam
664 2683 893 2723 tractatas.
981 2676 1071 2722 Sed
1118 2691 1225 2738 spes
1271 2692 1342 2722 me
1389 2676 1563 2722 fefellit.
1668 2675 1878 2731 Quamuis
1933 2677 2049 2720 enim
2105 2675 2322 2736 permulta
2370 2675 2426 2721 de
2470 2681 2565 2722 tra-

194 2768 457 2828 goediarum
506 2774 692 2813 auctore
740 2774 866 2813 recte
906 2767 1125 2827 disputata
1164 2774 1207 2812 et
1248 2770 1438 2828 egregie
1476 2766 1716 2813 obseruata
1756 2767 1985 2822 uiderem,
2042 2772 2188 2812 tamen
2227 2768 2269 2812 in
2309 2766 2425 2812 hanc
2461 2769 2565 2812 ueni

197 2861 464 2904 sententiam
510 2858 716 2904 subtilem
764 2859 885 2903 illum
933 2860 974 2903 in
1023 2858 1255 2904 subtilibus
1293 2858 1631 2919 quaestionibus
1677 2857 1898 2903 hominem
1938 2870 2097 2902 carere
2134 2870 2270 2902 sensu
2309 2870 2366 2902 eo
2404 2870 2491 2918 quo
2528 2859 2567 2902 is

199 2951 271 3010 qui
318 2951 559 2995 carminum
599 2949 875 2995 Graecorum
922 2949 1318 3010 Romanorumque
1371 2949 1558 2995 sormam
1604 2948 1859 3008 intelligere
1905 2947 2036 3004 uelit,
2088 2960 2178 2993 non
2226 2949 2324 2993 sine
2369 2949 2568 2994 maximo

199 3041 361 3086 damno
399 3046 571 3086 careat.
642 3039 701 3086 Et
735 3041 863 3086 huius
901 3040 1077 3101 quidem
1116 3042 1182 3086 rei
1218 3042 1520 3086 testimonium
1561 3040 1857 3085 certissimum
1894 3037 1992 3083 finis
2030 3043 2099 3083 est
2125 3036 2226 3083 libri
2250 3040 2378 3099 primi
2404 3040 2574 3099 (quae-

198 3132 308 3177 ritur
354 3136 501 3177 autem
546 3130 637 3176 illic
691 3145 819 3192 „quo
868 3133 1037 3176 interse
1083 3145 1263 3177 conexu
1310 3130 1473 3177 fuerint
1519 3132 1667 3175 iuncta
1713 3129 1856 3176 studia
1903 3134 2138 3190 poetarum
2192 3129 2430 3175 latinorum
2475 3142 2576 3175 me-

2234 3211 2248 3244 1
