2690 3536
1271 60 1333 106 to

666 224 766 268 658
877 223 987 283 lgne
1014 207 1157 265 fallaci
1183 222 1413 267 nociturus
1440 221 1570 282 Argis

871 301 1089 362 Nauplius
1117 316 1336 361 praeceps
1361 302 1482 348 cadit
1507 303 1548 346 in
1577 300 1847 362 profundum

669 373 766 415 662
876 371 1096 431 Coniugis
1124 369 1261 415 l'atum
1289 381 1334 415 et
1358 388 1401 429 q.
1428 387 1461 415 s.

109 469 248 511 Sexta
295 480 411 510 nunc
445 463 628 523 stropha
661 465 715 507 ab
745 463 929 507 ldmone
966 463 1021 507 ad
1049 463 1226 507 Oileum
1254 462 1393 517 ducit,
1438 464 1625 522 septima
1663 476 1688 505 a
1717 462 1910 522 Nauplio
1949 463 2005 508 ad
2034 463 2201 508 Pelian.
2275 463 2338 508 Et
2370 462 2501 509 deest

109 534 290 594 quidem
317 534 495 579 ultimae
520 532 733 591 strophae
759 531 966 586 adonius,
992 531 1074 576 sed
1102 531 1237 575 totius
1265 531 1386 576 chori
1414 531 1615 576 clausula
1640 530 1699 574 illi
1725 531 1964 575 subiuncta
1992 542 2060 577 est
2086 542 2294 578 constans
2315 532 2497 595 integro

109 604 323 663 sapphico
349 618 448 647 cum
475 600 639 645 adonio
674 617 714 646 u.
740 603 841 647 ⁶68
869 603 992 644 669:

861 694 950 736 lam
977 693 1083 736 satis
1111 692 1202 735 diui
1229 706 1349 735 mare
1378 690 1649 736 uindicastis.

1136 761 1316 805 Parcite
1341 760 1478 804 iusso.

109 857 239 906 Quae
275 855 389 900 enim
425 854 578 899 tiniunt
612 854 795 898 chorum
829 852 1041 911 strophae
1078 861 1156 897 aut
1191 851 1363 912 periodi
1408 852 1639 910 longiores
1682 867 1780 895 esse
1826 861 2010 911 propter
2052 853 2324 913 grauitatem
2364 869 2498 913 quam

108 940 225 983 quae
246 933 599 971 antecesserunt.
621 923 707 967 alio
729 937 910 981 quoque
931 922 1044 967 inl'ra
1066 922 1271 981 exemplo
1292 921 1691 965 demonstrabimus
1711 919 1930 981 (Medeae
1951 922 2143 966 carmine
2166 937 2206 966 u.
2223 917 2498 970 849—878

106 994 427 1038 anacreonticis
454 992 744 1050 composito).

246 1098 300 1152 b)
371 1098 623 1155 Supersunt
658 1095 748 1139 duo
787 1096 975 1139 carmina
1012 1110 1200 1153 quorum
1238 1109 1352 1153 quae
1390 1095 1588 1153 genuina
1614 1093 1746 1138 luerit
1772 1092 1910 1138 forma
1938 1108 2073 1152 quum
2102 1093 2176 1138 diu
2204 1094 2495 1155 ambigerem,

106 1165 330 1226 strophica
367 1181 421 1209 ea
457 1180 636 1224 quoque
671 1164 809 1209 luisse
844 1180 959 1208 nunc
999 1163 1319 1208 contenderim.
1395 1163 1625 1207 Differam
1650 1165 1703 1207 ab
1732 1164 1795 1207 eis
1823 1180 1939 1222 quae
1963 1178 2097 1223 supra
2124 1163 2493 1223 perlustrauimus

106 1237 275 1280 maiore
300 1234 564 1279 adoniorum
591 1249 774 1279 nurnero
802 1235 876 1292 qui
903 1243 1139 1293 praeterea
1165 1242 1265 1292 post
1294 1233 1417 1292 paria
1444 1231 1538 1276 lere
1563 1233 1721 1291 spatia,
1748 1233 1789 1276 in
1818 1232 2103 1292 periodorum
2131 1248 2289 1292 nempe
2314 1234 2491 1289 finibus,

104 1313 377 1364 repetuntur.
454 1303 631 1348 Chorus
667 1303 740 1347 ille
776 1304 996 1348 Troadum
1023 1308 1067 1346 in
1086 1303 1189 1361 fine
1214 1306 1342 1346 tertie·
1362 1303 1554 1359 epe'sodae'e'
1575 1302 1748 1361 positus
1777 1317 1816 1346 u.
1845 1304 2018 1347 8¹17—-
2038 1303 2136 1346 863
2164 1311 2359 1360 quatuor
2384 1318 2492 1348 con·

103 1383 191 1418 stat
216 1374 414 1433 partibus
441 1388 628 1431 quarum
657 1373 835 1417 ultimae
861 1381 1028 1416 tantum
1058 1371 1187 1415 deest
1213 1371 1426 1422 adonius,
1470 1380 1516 1414 et
1550 1381 1700 1430 partes
1727 1371 1840 1418 istae
1866 1379 2075 1415 constant
2100 1380 2279 1430 praeter
2303 1370 2493 1417 adonios

111 1444 163 1487 11
207 1445 237 1485 9
279 1444 334 1486 14
381 1444 439 1486 10
466 1442 705 1501 sapphicis.
783 1442 918 1486 Chori
944 1451 1100 1486 natura
1126 1450 1190 1485 tot
1219 1441 1350 1485 urbes
1377 1440 1680 1500 regionesque
1707 1441 1827 1485 nullo
1856 1450 1903 1485 ut
1930 1439 2107 1485 uidetur
2133 1441 2287 1486 ordine
2313 1456 2494 1486 enume-

103 1513 254 1557 rantis.
280 1510 467 1571 singulis
489 1512 689 1555 uersibus
710 1511 828 1555 nullo
851 1511 943 1555 fere
966 1510 1139 1554 uinculo
1162 1526 1262 1555 cum
1284 1510 1604 1569 posterioribus
1631 1517 1675 1556 et
1701 1510 2007 1570 superioribus
2033 1510 2295 1562 coniunctis,
2319 1518 2496 1570 pertur-

106 1580 293 1626 bationis
321 1591 416 1625 erat
442 1580 725 1639 praesidium.
788 1596 875 1638 qua
902 1581 1114 1624 affectum
1142 1596 1242 1623 eum
1270 1596 1370 1624 esse
1397 1579 1643 1624 ostendunt
1669 1595 1710 1624 u.
1739 1582 1833 1624 847
1851 1580 2027 1624 —853
2058 1580 2130 1624 uhi
2156 1595 2209 1624 ex
2237 1594 2327 1638 quo
2354 1581 2494 1628 uerbo

108 1650 333 1710 pendeant
358 1651 604 1694 accusatiui
639 1650 759 1693 nullo
786 1650 920 1693 modo
948 1650 1133 1709 intelligi
1161 1658 1324 1707 potest.
1368 1665 1630 1707 quamquam
1658 1649 1907 1694 Doruillius
1934 1648 1989 1691 ad
2019 1648 2304 1694 Charitonem
2331 1665 2372 1708 p.
2397 1650 2493 1694 707

105 1735 185 1763 eos
219 1718 390 1763 studuit
427 1718 673 1763 defendere
706 1744 774 1752 —-
809 1720 869 1763 ait
903 1720 1016 1762 enim
1054 1718 1334 1773 „accusatiui
1372 1726 1417 1762 et
1452 1718 1522 1762 alii
1550 1734 1679 1762 casus
1707 1734 1842 1776 saepe
1869 1734 1891 1761 a
1920 1718 2099 1762 remotis
2127 1717 2358 1762 uocabulis
2384 1733 2493 1777 pen-

107 1787 215 1832 dent
245 1789 316 1832 uel
351 1788 639 1841 intellectis‚“
684 1799 726 1831 at
762 1787 974 1832 hocloco
1003 1804 1056 1831 ne
1083 1788 1268 1848 intelligi
1306 1786 1486 1847 quidem
1529 1787 1663 1831 debet
1700 1787 1833 1831 ullum
1870 1787 2155 1841 uocabulum,
2197 1802 2333 1847 quum
2358 1786 2494 1832 toties

103 1858 400 1902 nominatiuus
436 1866 668 1916 repetatur
702 1874 782 1901 nec
815 1857 1056 1916 quidquam
1094 1857 1308 1901 lectorem
1343 1856 1400 1900 ad
1435 1856 1547 1900 infr-a
1588 1858 1779 1915 positum
1819 1856 2005 1901 uerbum
2034 1857 2202 1900 reiciat.
2275 1857 2380 1901 Non
2408 1854 2492 1901 du·

104 1927 221 1971 bium
248 1935 316 1970 est
341 1927 444 1984 quin
473 1935 574 1970 ante
601 1927 682 1970 hos
711 1942 868 1970 uersus
895 1926 1114 1971 exciderit
1140 1927 1238 1970 linis
1263 1926 1522 1985 superioris,
1561 1926 1727 1970 initium
1756 1926 1885 1970 liuius
1912 1925 2138 1985 strophae.
2213 1924 2342 1969 Adde
2368 1923 2494 1984 quod

103 2011 257 2040 omnes
290 2004 439 2054 partes
476 1995 599 2039 chori
634 1997 858 2056 propriam
897 2004 1149 2055 sequuntur
1181 1995 1352 2055 legem:
1404 1996 1542 2055 prima
1586 2003 1631 2039 et
1663 1995 1863 2039 secunda
1906 1995 2106 2054 pleniore
2148 1995 2359 2038 finiuntur
2402 1994 2490 2038 loci

104 2065 420 2124 descriptione.
463 2067 620 2109 tertiae
659 2081 813 2110 uersus
849 2066 1012 2110 uocula
1049 2083 1107 2109 on
1141 2065 1392 2109 efferuntur
1416 2073 1560 2123 (quae
1588 2065 1719 2108 etiam
1746 2066 1786 2108 in
1816 2080 1855 2108 u.
1884 2065 1982 2108 843
2012 2063 2271 2123 reponenda
2297 2078 2378 2122 pro
2405 2079 2489 2107 ac.-

103 2138 174 2178 An
202 2148 357 2178 carens
384 2149 604 2193 nunquam
654 2137 891 2178 Gonoessa
919 2143 1054 2178 uento
1083 2135 1305 2191 Quaeque
1332 2142 1378 2178 et
1403 2149 1444 2192 q.
1471 2132 1562 2192 s.),
1609 2142 1794 2192 quartae
1822 2148 1979 2177 uersus
2009 2148 2062 2177 ex
2091 2133 2229 2176 uerbo
2256 2132 2489 2178 transitiuo

103 2203 299 2262 pendent
336 2202 457 2262 quod
494 2202 673 2261 quidem
711 2203 949 2248 intercidit.
1042 2203 1227 2247 Videtur
1269 2204 1401 2246 etiam
1438 2203 1616 2247 ultimus
1654 2203 1856 2247 carminis
1894 2218 2051 2247 uersus
2088 2201 2272 2246 adonius
2308 2202 2492 2255 deesse3

102 2288 235 2330 quum
262 2273 375 2317 enim
402 2272 552 2317 dicant
577 2272 812 2317 Troades:

786 2356 872 2396 Aut
898 2354 1059 2411 quibus
1086 2354 1214 2396 terris
1242 2353 1435 2396 Hecube
1463 2351 1702 2396 uidendam

782 2422 964 2465 Ducet?
1007 2421 1048 2465 in
1077 2424 1201 2466 cuius
1229 2422 1420 2465 moriere
1447 2436 1590 2481 regno

100 2500 406 2546 desideramus
430 2500 698 2545 adiectiuum
725 2517 812 2559 quo
842 2503 1055 2546 Hecubes
1083 2518 1198 2560 quae
1225 2502 1372 2547 sutura
1398 2501 1455 2545 sit
1479 2501 1537 2543 ibi
1564 2499 1763 2544 conditio
1792 2509 1894 2559 apte
1925 2499 2218 2543 describatur.

237 2593 326 2643 Qui
369 2592 426 2636 ad
470 2602 669 2636 nostrum
713 2602 888 2653 tempus
934 2594 1019 2637 hoc
1061 2609 1238 2638 carmen
1280 2603 1541 2638 enarrarunt
1577 2609 1662 2637 non
1701 2601 2027 2652 perspexerunt
2070 2592 2246 2636 nomina
2285 2590 2486 2635 locorum

97 2662 242 2706 omnia
276 2670 456 2722 praeter
488 2662 779 2719 Peparethum
814 2663 998 2707 insulam
1034 2671 1192 2715 (taceo
1231 2663 1287 2707 de
1327 2665 1427 2707 Pisa
1462 2672 1507 2706 et
1546 2662 1758 2707 Eleusine
1793 2678 1903 2721 quas
1940 2662 2038 2721 quis
2074 2675 2161 2704 non
2198 2660 2346 2706 statim
2373 2674 2484 2711 *cum

102 2730 232 2775 Elide
276 2740 323 2777 et
364 2730 546 2776 Athenis
589 2731 805 2775 iunxisset
851 2732 1046 2776 imitator
1090 2733 1337 2788 Homeri‘9)
1384 2732 1618 2790 desumpta
1662 2747 1761 2775 esse
1812 2747 1865 2775 ex
1907 2732 2096 2776 Homero·
2135 2730 2334 2786 catologo
2377 2728 2403 2771 l.
2442 2726 2486 2773 11

101 2798 258 2843 iliadis.
329 2798 453 2858 quod
489 2815 627 2858 quum
663 2801 834 2844 urbium
870 2811 916 2844 ut
950 2802 1004 2844 ab
1033 2802 1235 2845 Homero
1274 2803 1333 2845 ita
1360 2817 1385 2844 a
1413 2803 1590 2845 Seneca
1617 2801 1959 2845 coniunctarum
1985 2800 2161 2845 uomina
2188 2797 2484 2857 comprobant

97 2867 184 2926 (l)
209 2877 300 2911 tum
326 2870 455 2913 etiam
482 2869 676 2929 epitheta
704 2871 790 2923 (2)
818 2869 1237 2929 descriptionesque
1264 2870 1349 2929 (3)
1377 2869 1433 2913 ad
1464 2868 1611 2913 llindis
1639 2869 1777 2914 uerba
1809 2870 1956 2913 lictae.

277 2972 328 3025 1)
369 2971 404 3014 Β
433 2973 529 3014 532
582 2972 737 3028 Iliaci»
774 2989 815 3015 ιε
843 2950 1081 3029 Ιὲὶιιὶρσρην.
1133 2976 1225 3018 ὃὺΙ
1282 2974 1470 3019 Bessarn
1505 2982 1550 3018 et
1583 2973 1826 3031 Scarphen.
1907 2971 1947 3016 B
1974 2972 2072 3017 632
2118 2969 2263 3026 Ἰθάκη
2300 2970 2488 3028 Νήριτος

370 3039 596 3087 unwan<
631 3040 686 3084 ct.
714 3042 812 3085 859
849 3043 962 3086 860.
1054 3043 1091 3087 Β
1119 3044 1216 3087 68⁶2
1273 3044 1462 3099 Τρηχῖνα
1503 3046 1652 3099 Φθίην
1693 3041 1748 3087 cf.
1785 3043 1883 3086 820
1921 3043 2037 3088 821.
2130 3040 2169 3084 B
2206 3039 2305 3084 639
2353 3039 2486 3084 Πλευ-

369 3109 488 3164 ρῶιά
514 3115 581 3150 nui
601 3108 778 3152 “ulum
812 3109 866 3153 cs.
895 3113 992 3155 829
1023 3111 1134 3154 830.
1181 3113 1216 3155 B
1244 3112 1343 3155 536
1372 3113 1470 3156 539
1512 3112 1707 3154 Χαλκίδα
1737 3110 1971 3166 Κάρυστον
1997 3109 2052 3154 cf.
2079 3108 2370 3155 839-841.
