2690 3536
1270 27 1331 72 12

250 194 493 239 Tolluntur
526 190 815 237 contentione
850 190 911 234 ita
942 187 1139 233 instituta
1177 203 1356 233 errores
1393 187 1573 248 quidam
1611 187 1669 234 de
1704 187 1963 250 regionibus
1998 202 2023 233 a
2058 190 2235 234 Seneca
2267 189 2501 236 nominati·

112 265 186 323 qui
223 263 280 308 ad
315 272 511 307 nostrum
545 270 719 320 tempus
753 260 795 303 in
831 257 1103 303 editionibus
1139 266 1315 303 extant:
1359 259 1573 316 Carystos
1605 272 1692 302 non
1728 258 1876 303 insula
1896 272 1983 302 una
2017 273 2071 303 ex
2099 257 2387 318 Cycladibus,
2417 257 2502 305 sed

111 333 333 379 Euboeae
359 330 587 392 oppidum,
627 331 847 374 Gonoessa
875 327 916 371 in
944 326 1154 387 Argolica
1181 341 1269 371 non
1295 328 1336 371 in
1366 327 1539 372 Aetolia
1565 335 1635 372 est
1658 327 1759 382 sita,
1797 328 1979 374 Ner-ilos
2004 354 2070 362 —
2098 342 2197 373 nam
2223 327 2294 373 hic
2320 342 2501 388 quoque

114 416 238 445 error
262 400 366 445 inde
393 415 416 444 a
444 398 667 444 Farnabio
695 397 904 455 uulgatus
930 396 986 440 ab
1013 395 1187 441 editore
1209 395 1493 441 Lemairiano
1521 396 1823 457 stupidissimo
1851 396 2028 442 homine
2050 394 2090 454 ¹)
2116 405 2186 443 est
2210 407 2502 458 receptus—

114 485 201 515 non
229 470 410 515 Ithacae
435 484 585 516 mons,
627 466 707 510 sed
733 466 889 517 insula,
934 465 1074 524 quod,
1101 466 1181 510 nisi
1212 466 1395 510 Homeri
1433 466 1737 519 meminerant,
1774 475 1954 526 poterat
1979 467 2200 527 Vergilius
2226 467 2395 513 docere
2426 467 2501 528 qui

116 541 223 584 Aen.
261 539 324 583 lll
365 540 485 581 2712
537 537 628 580 lam
663 535 811 580 medio
844 544 1033 594 apparet
1066 536 1206 579 fluctu
1246 549 1485 578 nemorosa
1519 534 1773 594 Zacynthos
1808 535 2155 596 Dulichiumque
2191 538 2418 596 Sameque
2454 544 2501 583 et

114 609 296 654 Neritos
322 607 458 650 ardua
485 606 615 650 saxis.
690 606 846 649 Olenos
872 619 959 648 non
987 603 1129 648 Elidis
1163 603 1249 655 illa,
1275 603 1356 648 sed
1377 604 1581 649 Aetoliae
1615 606 1720 649 urbs
1745 604 1805 660 (B
1828 606 1963 661 639).
2022 604 2170 651 Etiam
2198 606 2255 651 de
2281 606 2498 665 Calydnis

113 678 277 721 rectius
305 675 575 719 iudicabitur
601 689 653 718 ex
676 673 886 734 Catalogi
914 689 956 717 u.
982 674 1074 715 671
1105 672 1424 729 (Echidnae
1452 674 1663 734 uulgares
1687 674 1818 719 codd.
1859 675 2144 734 Calydnae
2171 674 2500 733 Florentinus).

111 746 319 791 Methone
347 744 538 803 denique
565 742 621 787 ad
650 744 931 803 Pagasaeum
958 742 1100 785 sinum
1128 750 1196 786 est
1221 742 1319 797 sita,
1350 759 1439 787 non
1467 752 1614 788 autem
1641 745 1683 788 in
1706 745 2031 789 Messeniorum
2058 760 2171 805 agro
2198 745 2320 805 quod
2347 745 2502 790 dicunt

112 815 392 874 interpretes.
467 813 522 857 τί.
562 813 671 857 Plin.
709 814 765 856 lV
794 815 837 854 9.
912 810 1117 870 Thucyd.
1147 811 1204 854 Vl
1235 814 1277 856 7.
1355 812 1623 857 Mothone
1652 813 1910 858 Florentina
1938 823 2006 858 est
2032 814 2180 868 lectio,
2233 814 2497 860 Methone

108 883 285 927 Vratisl.
313 882 618 942 Rehdigerani
650 883 709 925 lo
742 883 794 925 ll
829 889 915 924 etc.

253 993 325 1037 De
353 993 464 1051 Pylo
502 990 741 1035 notandum
786 999 855 1034 est
888 989 1011 1048 quod
1046 990 1086 1034 in
1123 989 1387 1035 Florentino
1423 992 1582 1037 codice
1628 992 1717 1051 legi
1755 999 1946 1037 testatur
1979 993 2173 1037 Iacobus
2209 993 2496 1038 Gronouius=

112 1063 286 1120 Physon
314 1078 370 1105 an
397 1064 530 1105 elmere
565 1063 659 1114 „An
687 1060 789 1119 quia
816 1059 902 1103 illic
930 1061 1098 1105 Nestor
1124 1075 1236 1104 unus
1263 1069 1351 1105 tam
1380 1060 1454 1105 diu
1484 1062 1606 1114 uixit,
1640 1061 1745 1106 ideo
1780 1061 1962 1106 senilem
1998 1061 2146 1106 locum
2174 1061 2351 1107 dicam?
2393 1062 2499 1124 lege

114 1131 256 1190 Pylon
292 1146 344 1175 an
382 1130 566 1175 Neleam
609 1129 689 1190 [ita
724 1128 915 1174 Ouidius
950 1130 1056 1173 Met.
1087 1130 1148 1173 vl
1186 1131 1317 1187 418}
1399 1131 1668 1175 Nestoream
1703 1131 1845 1190 Pylon
1885 1130 1991 1175 dicit
2023 1131 2064 1175 in
2099 1133 2239 1176 Herc.
2276 1131 2500 1177 furente.“

114 1201 181 1244 lta
215 1200 286 1244 ille
321 1202 361 1243 in
389 1199 566 1243 schedis
602 1215 625 1242 a
652 1198 819 1244 Bothio
855 1214 1016 1257 meque
1053 1200 1269 1243 excussis.
1345 1215 1429 1244 nec
1462 1210 1608 1245 tamen
1636 1199 1851 1260 adscripsi
1878 1209 1925 1244 ut
1950 1200 2120 1260 lapsum
2149 1200 2391 1246 doctissimi
2418 1201 2499 1246 uiri

114 1268 503 1328 reprehenderem,
541 1269 582 1311 in
610 1268 692 1312 illis
720 1269 834 1313 enim
861 1268 943 1312 sibi
969 1268 1145 1326 scripsit
1179 1284 1264 1312 non
1300 1269 1394 1312 aliis
1429 1285 1544 1329 quae
1571 1269 1817 1330 cogitando
1845 1270 2093 1325 inuenerat,
2132 1270 2213 1315 sed
2241 1270 2344 1329 quia
2369 1278 2498 1331 puta-

109 1338 208 1382 bam
235 1339 329 1383 ueri
355 1337 519 1397 aliquid
544 1338 691 1382 inesse
715 1337 757 1381 in
784 1337 849 1381 his
877 1338 1041 1382 uerbis.

251 1447 387 1497 Quod
413 1448 587 1491 Seneca
615 1446 851 1492 Dulichion
879 1462 978 1492 cum
1006 1447 1190 1492 Echinia
1217 1448 1254 1491 B
1283 1449 1558 1493 625—630
1588 1448 1891 1507 Rhodumque
1918 1449 2208 1493 653—670
2237 1450 2383 1495 omisit
2407 1465 2496 1495 non

111 1528 179 1561 est
213 1518 381 1561 mirum.
443 1532 539 1560 nam
565 1516 673 1560 illud
700 1532 799 1560 cum
826 1516 971 1565 Elide,
996 1516 1107 1561 haec
1139 1516 1282 1560 insula
1308 1532 1407 1561 cum
1436 1518 1499 1561 eis
1526 1533 1643 1576 quae
1669 1518 1710 1562 in
1738 1518 1948 1578 catalogo
1975 1519 2222 1567 Homerico
2248 1528 2499 1578 sequuntur

112 1596 186 1630 aut
214 1586 252 1629 ei
280 1587 351 1629 cui
377 1586 597 1638 succedit,
632 1587 813 1639 Cretae,
843 1594 1019 1643 poterat
1044 1587 1270 1645 coniungi.
1322 1589 1378 1630 At
1404 1588 1550 1631 mirari
1577 1603 1646 1630 me
1673 1587 1820 1631 fateor
1845 1587 1968 1645 quod
1996 1588 2275 1633 Boeotorum
2302 1589 2499 1648 Minyum

114 1655 410 1699 phocensium
438 1655 599 1699 nullam
627 1670 810 1713 prorsus
836 1655 987 1699 iniciat
1012 1657 1282 1700 mentionem
1321 1657 1377 1710 (B
1406 1658 1502 1700 494
1526 1658 1734 1709 —526).

251 1764 341 1807 lam
369 1765 617 1808 Homerum
654 1764 754 1823 plus
790 1764 899 1807 lucri
937 1764 1134 1808 attulisse
1170 1765 1374 1808 uidemus
1412 1764 1470 1808 ad
1506 1780 1683 1809 carmen
1720 1764 2031 1824 explicandum
2067 1781 2195 1823 quam
2231 1767 2392 1809 sicum
2420 1780 2497 1810 ex·

113 1833 333 1878 actissima
360 1834 580 1877 Graeciae
609 1833 908 1892 descriptione
935 1833 1005 1876 uel
1033 1834 1205 1878 Mcolai
1233 1834 1464 1893 Sophiani‚
1510 1850 1641 1893 quam
1675 1834 1960 1879 commendat
1984 1835 2184 1889 Delrius,
2231 1835 2303 1879 uel
2338 1834 2375 1878 si
2408 1849 2499 1894 qua

113 1913 261 1947 nostra
288 1913 434 1946 aetate
460 1903 623 1961 prodiit
650 1904 1096 1962 comparauissemus.
1170 1905 1363 1948 Restant
1399 1912 1544 1948 tamen
1580 1905 1686 1947 satis
1713 1904 1879 1948 multae
1906 1913 1951 1948 et
1975 1919 2167 1964 magnae
2194 1902 2496 1949 difficultates.

112 1973 199 2022 Qui
236 1972 349 2015 enim
386 1972 480 2015 fieri
517 1972 660 2030 potuit
696 1981 742 2015 ut
774 1980 908 2031 poeta
935 1971 1215 2017 Thessaliam
1242 1981 1287 2017 ct
1315 1973 1512 2026 Cretam,
1558 1989 1658 2017 cum
1686 1973 1919 2018 Thessalia
1948 1973 2181 2026 Aetoliam,
2227 1974 2496 2017 Troezenen

111 2056 210 2085 cum
238 2040 474 2085 Thessalia
499 2042 750 2099 iterumque
777 2042 993 2085 Aetoliam
1016 2042 1387 2100 Thessaliamque
1413 2042 1534 2086 nullo
1563 2043 1719 2086 ordine
1746 2043 2056 2101 coniungeret,
2083 2058 2217 2100 quum
2248 2043 2496 2087 Homerum

111 2111 152 2154 in
190 2110 368 2154 nauium
407 2109 552 2153 indice
591 2110 791 2153 ordinem
828 2119 997 2154 certum
1025 2111 1264 2154 instituisse
1291 2111 1537 2165 uideamus,
1583 2112 1658 2169 qui
1685 2127 1826 2170 quare
1852 2113 2017 2170 primos
2044 2111 2240 2170 appellet
2266 2111 2497 2166 Boeotios,

113 2179 264 2223 ultimo
277 2178 522 2223 Thessalos
549 2179 649 2222 loco
677 2187 814 2238 ponat
840 2187 976 2238 patet.
1028 2179 1164 2229 Quod
1193 2195 1303 2224 uero
1332 2181 1506 2224 Seneca
1520 2180 1783 2224 Thessaliae
1810 2182 1943 2224 urbes
1970 2182 2155 2239 primum
2183 2181 2495 2235 nominauerit,

113 2264 226 2307 quae
253 2259 370 2292 terra
396 2249 596 2307 proxime
623 2249 777 2292 aberat
811 2263 835 2291 a
863 2249 1019 2301 Troia,
1065 2248 1186 2306 quod
1223 2250 1264 2292 in
1302 2249 1453 2293 ultima
1487 2258 1614 2309 parte
1646 2250 1771 2295 locos
1808 2250 1971 2294 ducum
2005 2265 2273 2310 graecorum
2310 2248 2496 2308 imperio

111 2318 372 2362 subiunctos
407 2317 695 2369 recensuerit,
740 2333 887 2360 nonne
923 2317 1033 2360 haec
1071 2319 1179 2362 satis
1220 2318 1528 2362 demonstrant
1560 2320 1690 2363 etiam
1717 2320 1937 2363 Senecam
1975 2319 2132 2363 ordine
2158 2318 2495 2377 quodammodo

112 2395 248 2445 atque
274 2387 446 2430 ratione
472 2402 563 2430 rem
590 2386 728 2430 fuisse
754 2391 1073 2445 persecutum?
1124 2388 1183 2432 Ut
1208 2388 1249 2431 in
1278 2389 1432 2446 paucis
1458 2388 1710 2432 conseram:
1745 2390 1905 2432 misere
1930 2389 2155 2432 turbatum
2182 2397 2250 2432 est
2275 2403 2469 2432 carmen.

251 2495 400 2540 Huius
422 2495 695 2539 contusionis
717 2495 966 2554 exemplum
987 2497 1131 2539 statim
1153 2497 1193 2540 in
1222 2497 1390 2555 prima
1415 2496 1598 2555 stropha
1619 2496 1849 2550 habemus,
1873 2497 1945 2540 ubi
1972 2497 2317 2541 cumGronouio
2339 2497 2495 2556 legen-

113 2567 218 2609 dum
243 2574 311 2608 est
337 2567 603 2623 Gyrtone.
676 2566 785 2609 Nam
813 2564 935 2623 quod
962 2564 1097 2609 codd.
1125 2566 1165 2608 G
1182 2574 1378 2624 ortyne
1405 2565 1582 2618 habent,
1609 2565 1722 2609 hanc
1748 2566 1901 2609 urbem
1930 2566 2203 2620 τειχιόεσσαν
2229 2565 2494 2625 appellatam

112 2636 315 2679 Homero
341 2648 397 2677 ne
422 2635 722 2691 προληπιιικῶς
747 2633 943 2691 quidem,
983 2643 1031 2677 ut
1058 2635 1151 2678 uult
1177 2634 1421 2688 Badenius,
1446 2650 1636 2693 paruam
1664 2634 1815 2678 dicere
1842 2635 2016 2679 licebat.
2090 2635 2159 2678 En
2186 2634 2349 2679 adsunt
2375 2634 2495 2678 duae

111 2703 375 2747 Thessaliae
411 2703 545 2746 urbes
579 2717 665 2746 uno
702 2718 833 2746 uersu
869 2704 1159 2758 coniunctae,
1205 2719 1390 2762 quarum
1435 2704 1572 2748 altera
1609 2719 1748 2762 quare
1782 2705 1838 2748 sit
1874 2712 2042 2748 mutata
2078 2703 2180 2747 luce
2216 2712 2283 2748 est
2317 2703 2494 2758 clarius,

237 2913 268 2963 ¹)
300 2917 335 2954 t..
359 2918 492 2954 Annaei
518 2919 678 2956 Senecae
709 2930 790 2967 pars
820 2919 923 2956 tertia
953 2918 1032 2956 siue
1062 2930 1170 2967 opera
1202 2921 1337 2969 tragica
1369 2932 1457 2969 quae
1489 2922 1531 2956 ad
1563 2921 1741 2957 Parisinos
1771 2920 1917 2957 codices
1948 2920 2101 2957 nondum
2132 2921 2282 2958 collatos
2313 2921 2496 2959 recensuit

111 2974 284 3022 nouisque
315 2975 575 3011 commentariis
606 2976 795 3013 illustrauit
825 2976 850 3013 l.
884 2976 1020 3013 Pierrot
1050 2976 1084 3013 in
1116 2976 1283 3014 Ludovici
1317 2978 1431 3024 magni
1465 2978 1621 3025 collegio
1651 2978 1849 3015 rhetorices
1880 2978 2085 3026 professor,
2125 2989 2262 3016 necnon
2295 2979 2329 3015 iu
2360 2977 2490 3015 acade-

113 3032 179 3068 mia
209 3030 397 3068 Psrisiensi
426 3031 650 3078 eloquentiae
682 3033 867 3080 professor
896 3033 1057 3071 uicarius.
1119 3033 1259 3071 Parisiis
1281 3034 1482 3082 Colligebat
1503 3034 1669 3071 Nicolsus
1700 3034 1837 3082 eligius
1868 3034 2023 3071 Lemaire
2054 3035 2210 3072 l’oeseos
2241 3035 2368 3072 latinae
2397 3044 2488 3083 pro-

113 3087 230 3125 fessor
258 3086 522 3125 nocccntx
541 3108 579 3114 -
597 3087 739 3126 ΧΧΧΙΙ.
801 3089 884 3126 roll.
917 3089 975 3127 lll.
