2690 3536
155 230 292 266 terus.
354 218 518 261 Verum
553 215 589 261 si
613 214 726 259 haee
751 214 890 259 uerba
914 202 1158 258 retinemus
1185 211 1313 256 simul
1340 212 1479 255 uerba
1504 208 1726 269 quaedam
1753 208 1916 255 omissa
1942 223 2042 255 esse
2071 207 2276 254 uidemus
2299 222 2419 268 quae
2441 223 2546 256 oum
2603 205 2607 211 ’
2629 200 2662 213 “’

155 289 206 333 ils
242 285 662 345 hendecasyllabum
689 284 953 330 effecerunt.
987 298 1076 341 quo
1105 281 1224 325 lacto
1264 280 1366 339 quia
1401 279 1458 324 ad
1496 280 1731 339 superiora
1764 279 1990 338 pertinere
2025 278 2120 323 uisa
2155 285 2260 323 sunt
2292 281 2321 322 ι’.
2343 276 2543 333 ,[Μίυο,

157 372 239 416 pro
268 356 473 400 furtiuo
501 356 751 414 ponebatur
770 369 794 396 a
816 351 1001 395 librariis
1022 356 1181 394 m’ce’tm.
1222 352 1426 394 Senecae
1446 349 1551 393 illud
1576 366 1675 393 esse
1695 357 1831 407 atque
1851 348 2005 392 iniuria
2026 347 2126 392 bine
2145 346 2368 392 sublatum
2389 354 2543 394 monet

158 426 290 470 etiam
313 425 448 484 utpp.
467 439 507 468 u.
526 426 646 467 ⁸280:
677 422 863 466 Labitur
885 428 999 464 totas
1027 419 1149 463 furor
1174 420 1216 463 in
1239 418 1455 463 medullas
1483 418 1781 474 lgewsnrlr‘uo
1801 420 1887 475 (sc.
1902 417 2100 474 Amoris)
2123 416 2366 475 populante
2388 428 2541 462 uento.

298 518 414 560 't‘m
441 516 610 574 priores
637 512 841 572 strophas
869 527 967 556 cum
996 511 1185 555 adonius
1214 510 1410 562 claudat,
1440 508 1723 553 desideratur
1747 510 1788 552 in
1823 511 1911 553 tine
1945 518 2140 567 quartae.
2195 506 2285 551 Sed
2312 524 2337 551 e
2358 506 2542 568 Vergilii

158 586 361 630 uersibus
389 586 560 641 Georg.
590 583 653 627 111
685 584 779 627 544
811 598 877 639 sq.

772 674 926 717 Interit
953 682 997 716 et
1023 671 1167 714 curuis
1196 670 1356 714 frustra
1385 669 1569 714 detensa
1597 670 1776 714 latebris

768 743 926 800 Vipera
955 751 998 785 et
1025 740 1199 784 attoniti
1225 739 1419 798 squamis
1445 739 1720 783 adstantibus
1747 738 1884 796 hydri.

157 835 443 895 probabiliter
470 836 628 878 contici
655 843 803 893 potest
829 835 958 877 etiam
986 833 1086 876 huic
1113 831 1325 890 strophae
1352 846 1528 875 uersum
1557 830 1813 874 addendum
1840 846 1952 873 esse.

300 928 588 986 Exaequatas
624 927 682 970 ita
723 925 925 969 uidemus
962 924 1077 968 facili
1114 939 1251 983 opera
1287 924 1468 967 alteram
1496 921 1720 981 stropham
1749 930 1794 965 et
1820 930 2021 980 quartam
2049 929 2098 966 ut
2123 921 2310 965 nouenis
2333 926 2543 965 constent

158 1012 258 1041 cum
295 996 458 1040 adonio
496 995 707 1039 uersibus.
782 994 993 1038 Similiter
1027 1001 1175 1037 autem
1211 994 1392 1051 primam
1431 992 1697 1049 tertiamque
1731 1006 1939 1035 uersuum
1966 1005 2151 1035 numero
2179 1004 2309 1049 pares
2334 988 2474 1034 fuisse
2497 994 2546 1034 ot

157 1066 285 1125 quasi
319 1067 434 1109 inter
466 1082 513 1108 se
550 1063 836 1122 respondisse
874 1064 1078 1107 arbitror.
1154 1064 1276 1111 Quas
1304 1062 1417 1105 enim
1445 1060 1732 1105 difficultates
1758 1061 1800 1104 in
1829 1060 1958 1104 tertia
1985 1060 2152 1119 reperit
2172 1058 2435 1103 Gronouius
2461 1056 2544 1103 du-

159 1135 248 1178 bito
277 1149 377 1178 num
405 1143 528 1178 recte
553 1134 604 1176 iis
630 1133 887 1177 consulatur
912 1148 982 1176 eo.
1020 1141 1069 1175 ut
1092 1135 1137 1174 so·
1160 1131 1215 1174 ad
1238 1136 1390 1189 poluit
1414 1132 1493 1173 sub
1519 1135 1607 1174 ictu
1634 1129 1933 1190 intelligamus
1960 1145 2013 1173 ex
2041 1129 2136 1173 eius
2161 1130 2382 1173 sententia
2408 1135 2545 1186 atque

158 1220 236 1246 nec
262 1220 388 1245 cruor
413 1203 672 1246 scribamus.
724 1202 897 1245 Scimus
931 1210 1079 1245 autem
1106 1216 1237 1259 quem
1265 1201 1456 1244 imitatus
1483 1201 1540 1243 sit
1565 1201 1737 1243 Seneca
1765 1201 1805 1243 in
1834 1207 1963 1257 peste
1990 1198 2305 1243 describenda:
2333 1203 2403 1241 est
2426 1194 2543 1241 enim

160 1272 380 1331 Vergilius
415 1273 456 1316 in
485 1271 748 1331 Georgicon
785 1271 809 1315 l.
840 1271 902 1313 111
940 1271 1064 1314 cuius
1102 1270 1198 1312 libri
1237 1284 1391 1313 uersus
1420 1270 1657 1312 486—88
1686 1270 1783 1312 492
1813 1277 1858 1312 et
1883 1268 1946 1312 93
1986 1283 2121 1327 quum
2149 1267 2231 1311 hac
2256 1265 2439 1326 stropha
2465 1279 2543 1309 ex·

159 1341 372 1399 pressisse
409 1349 586 1400 poetam
625 1356 754 1384 nemo
790 1340 929 1399 possit
962 1355 1049 1383 non
1087 1338 1358 1390 concedere,
1404 1339 1613 1382 conicere
1649 1337 1753 1382 licet
1779 1338 1909 1382 etiam
1938 1339 2009 1395 qui
2037 1336 2167 1380 medii
2195 1337 2309 1380 inter
2332 1335 2415 1380 hos
2438 1341 2543 1379 sunt

160 1425 316 1453 uersus
340 1412 570 1454 489—91
607 1411 858 1454 accuratius
885 1417 1021 1466 atque
1058 1407 1219 1451 clarius
1245 1406 1381 1451 luisse
1408 1406 1607 1451 redditos
1634 1422 1766 1465 quam
1794 1410 1843 1451 tit
1868 1406 1933 1451 his
1961 1406 2131 1451 uerbis:
2171 1410 2325 1464 patm‘t
2347 1405 2427 1449 sub
2451 1408 2544 1448 ictu

160 1479 374 1523 Ponam,
400 1484 523 1523 nosti
545 1481 733 1522 resoluta
759 1484 925 1522 cerm'oe.
1002 1479 1158 1535 ltaque
1185 1477 1295 1520 haec
1322 1476 1533 1520 uidentur
1558 1477 1622 1520 sic
1647 1475 1907 1519 scribenda:

836 1570 1022 1613 Labitur
1046 1570 1196 1628 segnis
1328 1589 1696 1604 vvvvvv

832 1659 1706 1672 -----------

831 1729 1135 1741 -----
1340 1709 1483 1765 patuit
1508 1709 1590 1751 sub
1617 1708 1708 1751 ictu
1736 1716 1782 1750 et
1806 1723 1848 1764 q.
1877 1722 1910 1749 s.

155 1799 368 1843 Ceterum
396 1800 479 1843 hoc
506 1814 686 1857 quoque
712 1799 753 1841 in
780 1800 972 1842 carmine
999 1814 1087 1842 non
1115 1814 1246 1842 unum
1277 1800 1516 1858 Vergilium
1543 1799 1695 1843 habuit
1723 1808 1824 1842 ante
1852 1799 2023 1844 oeulos.
2059 1796 2139 1840 sed
2167 1797 2297 1840 etiam
2325 1794 2540 1840 Ouidium

156 1868 336 1927 Vergilii
364 1877 409 1912 et
434 1868 634 1911 Lucretii
660 1866 775 1920 (uid.
797 1869 853 1911 v!
895 1871 906 1910 Ι
929 1869 1019 1911 136
1047 1872 1143 1925 sq.)
1167 1876 1436 1912 sectatorem
1459 1870 1564 1913 Met.
1590 1869 1671 1911 vu
1696 1868 1983 1911 523—613.
2011 1865 2135 1924 quod
2164 1881 2204 1909 u.
2228 1866 2327 1909 536
2354 1863 2515 1908 dooetx

628 1961 794 2018 Strage
821 1975 977 2002 canum
1005 1960 1143 2018 prima
1173 1961 1497 2019 uolucrumque
1525 1960 1767 2019 ouiumque
1793 1961 2017 2016 boumque

631 2028 772 2086 Inque
799 2028 901 2071 feris
927 2029 1059 2072 subiti
1089 2028 1309 2087 deprensa
1337 2030 1535 2088 potentia
1566 2030 1720 2075 morbi.

153 2120 279 2164 Talis
305 2121 442 2179 igitur
467 2120 662 2164 nascitur
687 2121 889 2164 carminis
917 2120 1079 2163 torma:
1125 2124 1180 2164 14
1219 2124 1276 2163 lt)
1310 2125 1365 2164 14
1400 2124 1475 2164 10.
1505 2132 1756 2181 sequuntur
1786 2137 1895 2165 uero
1922 2119 2162 2178 anapaesti.

1276 2639 1422 2691 ΙΙΙ.

271 2754 493 2811 Glycon
512 2767 696 2796 eorum
728 2753 815 2796 duo
843 2753 960 2810 apud
973 2759 1187 2798 Senecam
1215 2765 1312 2798 sunt
1336 2770 1521 2814 genera.
1578 2754 1813 2797 Horatia
1831 2768 1893 2797 na
1921 2752 2076 2796 torma.
2099 2761 2147 2795 ut
2171 2752 2213 2794 in
2242 2750 2363 2793 basin
2390 2749 2535 2794 solum

154 2822 401 2880 spondeum
427 2820 699 2870 admitteret,
727 2837 830 2865 usus
859 2831 925 2865 est
950 2822 990 2865 in
1020 2823 1109 2866 his:
1139 2823 1255 2867 Med.
1289 2825 1487 2867 75—92
1538 2822 1613 2866 fit.
1644 2824 1914 2866 875—894
1962 2821 2078 2879 Thy.
2109 2820 2381 2864 336—403
2429 2819 2536 2862 ΗΟ.

160 2891 513 2934 1031-1130,
588 2889 644 2933 de
676 2890 834 2948 quibus
868 2892 1020 2948 paucis
1056 2892 1296 2951 agendum.
1373 2892 1695 2936 Pherecrateus
1723 2907 1813 2949 quo
1841 2890 2050 2934 abstinuit
2075 2888 2170 2932 tere
2197 2897 2331 2948 poeta
2360 2886 2537 2932 duobus

153 2967 324 3002 tantum
351 2967 471 3001 extat
497 2958 708 3017 exemplis
738 2959 842 3002 tto,
878 2961 1004 3001 10611
1033 2969 1076 3004 et
1110 2963 1251 3005 1080.
1325 2976 1512 3019 quorum
1561 2962 1746 3004 alterum
1783 2962 1832 3004 B.
1872 2958 2143 3003 Schmidtius
2170 2958 2373 3001 retinuit.
2422 2955 2537 3000 alter

154 3025 363 3085 „quando
399 3041 551 3084 parum
587 3038 687 3085 apte
721 3029 762 3071 in
799 3027 942 3070 media
977 3030 1197 3073 sententia
1233 3031 1492 3073 conlocatus
1528 3038 1597 3073 est
1632 3030 1700 3072 uix
1742 3027 1931 3072 dubitari
1967 3036 2117 3086 potest
2145 3028 2248 3084 quin
2277 3042 2329 3070 ex
2356 3026 2536 3084 integro

153 3096 377 3155 glyconeo
420 3104 654 3152 corruptus
700 3097 802 3139 sit.·‘
877 3112 1014 3154 quare
1058 3113 1157 3141 cum
1205 3098 1403 3142 Bentleio
1453 3099 1536 3143 tad
1573 3099 1750 3141 Horatii
1784 3113 1822 3142 e.
1864 3098 1880 3140 Ι
1915 3098 1972 3139 15
2020 3097 2105 3147 15)
2143 3096 2276 3156 legit:
2325 3093 2536 3153 Orpheus
