2690 3536
1340 151 1366 193 7

176 309 294 359 Quid
320 311 485 354 Brutus
511 319 588 353 aut
613 309 830 368 rigidus
857 308 1000 368 Cato)
1028 309 1069 351 in
1097 309 1229 352 tertia
1254 308 1363 352 sede
1392 309 1562 353 dimetri
1588 309 1759 354 iambici
1786 319 2071 369 anapaestum
2099 310 2332 354 collocare.
2381 312 2543 370 Neque

175 377 328 422 dubito
355 379 462 423 ΗΟ.
492 394 534 422 u.
567 380 660 422 102
689 378 851 421 frustra
878 386 1095 420 tentatum
1120 378 1181 420 ita
1207 377 1470 421 emendare:

857 488 922 526 7-
953 463 1043 505 Vos
1070 478 1208 520 pecus
1236 463 1504 521 rapiteocius

716 533 817 580 Qua
841 531 1005 589 templa
1031 531 1187 574 tollens
1214 548 1319 575 area
1349 532 1515 575 Cenaei
1542 532 1663 575 Iouis

717 603 878 643 Austro
906 599 1145 643 timendum
1172 608 1347 657 spectat
1369 601 1619 643 Euboicum
1644 616 1778 644 mare.

179 686 253 729 ubi
280 701 377 728 ara
410 684 609 740 codices,
655 694 782 729 acta
808 686 835 729 i.
864 702 904 743 q.
931 684 1035 743 ἆκτῆ
1063 686 1345 744 Rutgersius‚
1382 702 1510 729 acra
1543 687 1759 745 Scaliger,
1811 702 1906 730 ora
1943 687 2144 730 Bothius.
2181 687 2278 731 coll.
2302 687 2408 731 ΗΟ.
2446 689 2541 732 782

174 754 246 798 hic
279 769 390 812 rupe
423 754 543 797 celsa
585 754 702 797 nulla
737 771 866 812 quam
899 756 1036 798 nubes
1069 754 1170 797 ferit
1195 757 1374 798 Annosa
1410 755 1582 813 fulgent
1615 755 1779 813 templa
1811 756 1977 799 Cenaei
2004 757 2138 799 Iouis,
2211 759 2280 815 Ag
2306 757 2403 800 562
2454 758 2543 800 Arx

174 822 370 866 imminet
404 832 642 881 praerupta
676 839 790 880 quae
815 831 987 882 spectat
1013 838 1132 866 mare
1161 823 1388 882 Utrimque
1413 823 1653 882 geminum.
1727 824 1897 868 Phoen.
1918 826 1979 868 67
2016 825 2104 867 Hic
2130 825 2218 867 alta
2242 840 2374 882 rupes
2400 824 2542 868 arduo

176 892 322 950 surgit
354 892 461 950 iugo
494 899 758 950 spectatque
794 892 930 951 longe
964 893 1105 950 spatia
1131 892 1319 936 subiecti
1345 894 1486 936 maris.
1561 892 1690 936 ovid.
1718 894 1824 936 Met.
1851 894 1892 936 X
1921 894 1983 937 86
2011 894 2118 951 (XV
2146 894 2271 951 298)
2299 894 2422 937 collis
2448 901 2545 937 erat

175 961 428 1019 collemque
452 976 588 1019 super
613 961 861 1020 planissima
887 962 1029 1018 campi
1053 963 1182 1004 Area.
1259 962 1418 1005 Cicero
1448 963 1571 1005 Verr.
1611 963 1670 1005 lv
1698 963 1761 1006 48
1798 963 1838 1004 in
1875 977 2045 1005 summo
2080 970 2230 1005 monte
2264 971 2330 1005 est
2355 972 2542 1020 aequata

173 1031 271 1088 agri
295 1029 512 1088 planities,

315 1138 394 1196 (c)
431 1138 504 1181 De
531 1136 720 1181 Medeae
747 1147 894 1181 autem
929 1153 969 1180 u.
999 1138 1114 1191 636,
1160 1138 1361 1195 quamuis
1388 1137 1587 1195 quotidie
1615 1138 1817 1197 discipuli
1843 1138 2008 1183 docent
2033 1140 2073 1181 in
2102 1139 2249 1182 uerbis
2284 1154 2310 1181 a
2344 1155 2543 1183 uumerus

176 1206 384 1250 deriuatis
409 1224 432 1250 e
459 1206 659 1250 uocalem
687 1205 1024 1265 pronunciando
1052 1205 1181 1250 facile
1207 1205 1310 1250 elidi
1336 1206 1599 1264 interposito
1625 1208 1650 1250 b
1688 1208 1948 1251 consonanti
1974 1216 2021 1251 ut
2046 1208 2212 1251 assolet
2236 1207 2351 1251 inter
2375 1224 2414 1250 m
2439 1216 2486 1252 et
2503 1225 2542 1262 r,

175 1283 323 1319 tamen
359 1290 495 1333 quum
534 1275 606 1318 uix
641 1276 816 1334 tragico
853 1274 990 1334 digna
1024 1274 1231 1318 uideatur
1264 1274 1351 1318 hoc
1383 1276 1594 1333 synizesis
1623 1292 1783 1334 genus,
1827 1292 1896 1320 me
1923 1276 2052 1319 ualde
2080 1276 2281 1320 dubitare
2306 1277 2541 1322 confiteor.

175 1360 323 1402 neque
360 1360 458 1388 cum
490 1344 700 1388 similibus
734 1344 843 1387 locis
875 1344 1087 1387 conuenit
1119 1344 1190 1387 hic
1225 1359 1399 1387 uersus.
1450 1343 1506 1387 cf.
1535 1345 1639 1389 Oet.
1669 1347 1766 1389 203
1816 1361 1866 1388 se
1899 1346 1940 1388 in
1978 1345 2140 1388 formas
2172 1361 2323 1388 omnes
2351 1354 2543 1390 uertere.

175 1414 280 1458 ΗΟ.
309 1414 408 1457 496
447 1413 667 1456 Achelous
695 1428 848 1456 omnes
874 1412 1013 1456 facilis
1039 1413 1080 1456 in
1107 1413 1281 1471 species
1309 1412 1404 1455 dari
1428 1412 1631 1457 Tandem
1662 1415 1855 1472 peractis
1882 1415 2081 1458 omnibus
2107 1414 2246 1472 patuit
2270 1413 2387 1458 feris.

314 1500 474 1557 Itaque
510 1499 596 1541 hoc
630 1506 820 1556 excepto
866 1507 1042 1542 ceteros
1076 1514 1187 1555 quos
1223 1498 1443 1541 attulimus
1476 1514 1611 1557 supra
1659 1514 1815 1542 uersus
1860 1515 1914 1543 ex
1949 1500 2216 1558 incorruptis
2251 1500 2431 1543 canticis
2465 1499 2543 1543 de-

174 1576 375 1627 sumptos
410 1584 463 1610 ex
498 1582 656 1610 seuera
693 1568 1003 1625 sapphicorum
1040 1582 1192 1609 norma
1227 1566 1440 1610 formatos
1467 1567 1784 1612 contendimus.
1859 1568 2049 1612 fortasse
2078 1569 2206 1611 etiam
2234 1568 2397 1626 Oedipi
2423 1571 2542 1627 Aga-

173 1639 508 1694 memnonisque
533 1636 804 1679 canticorum
831 1636 1001 1694 aliquot
1024 1636 1259 1694 sapphicus
1286 1636 1531 1694 poterimus
1558 1636 1825 1681 defendere:

447 1723 518 1765 're
545 1730 680 1780 caput
707 1723 843 1779 Tyria
878 1717 885 1782 Ι
918 1721 1127 1765 cohibere
1154 1722 1281 1765 mitra
1354 1721 1469 1765 Oed.
1497 1723 1594 1765 413

445 1791 579 1834 Sidus
607 1792 846 1834 Arcadiam
879 1787 885 1853 Ι
919 1791 1235 1849 geminumque
1269 1791 1511 1848 plaustrum
1554 1790 1669 1834 Oed.
1698 1793 1794 1834 477
1836 1792 1917 1834 nisi
1954 1791 2070 1834 forte
2098 1791 2177 1834 fuit
2202 1789 2474 1834 Arcadum

445 1929 592 1971 Sensit
616 1928 807 1971 Arcadii
836 1924 844 1988 Ι
876 1859 1238 1987 ΡοριῑΙειιῗοιίεθςτί
1379 1932 1463 1986 Ag.
1501 1929 1598 1971 832

174 2026 219 2058 et
243 2013 472 2058 serendum
500 2021 621 2056 esset
646 2012 766 2071 quod
795 2013 946 2055 effecit
971 2012 1197 2056 Swoboda
1287 2020 1370 2072 Ag.
1401 2014 1525 2056 849:

445 2099 678 2155 [Dextera]
708 2114 732 2141 e
758 2099 894 2141 medio
926 2096 933 2160 Ι
967 2099 1155 2156 spolium
1182 2098 1322 2141 feroci

447 2169 636 2227 Magnus
662 2167 839 2211 Alcides
874 2162 880 2230 Ι
913 2167 991 2210 ειιῖ
1012 2167 1115 2226 lege
1143 2166 1291 2210 mundi
1363 2169 1445 2226 Ag.
1474 2168 1570 2210 813

447 2238 657 2292 [Rursus]
687 2238 910 2279 Herculea
943 2235 948 2293 Ι
983 2236 1143 2279 cecidit
1168 2236 1375 2294 pharetra
1448 2238 1532 2294 Ag.
1562 2236 1658 2278 614
1689 2235 1789 2294 (Ut
1826 2235 2099 2293 quondam
2125 2236 2183 2278 H.
2212 2234 2433 2292 codices.)

301 2321 607 2365 Dubitandum
628 2331 697 2365 est
715 2338 817 2365 num
839 2323 944 2365 satis
970 2323 1183 2364 munitum
1214 2322 1268 2365 sit
1293 2338 1311 2363 s
1328 2337 1389 2364 ua
1411 2329 1686 2364 contractum
1720 2322 2062 2380 Agamemnonis
2092 2337 2134 2364 u.
2151 2323 2247 2364 250
2277 2320 2540 2380 (suapte):

174 2390 358 2434 Fraude
381 2387 461 2434 ειῖἃ
490 2391 607 2449 capti
641 2388 646 2452 Ι
680 2390 895 2433 caderent
923 2391 1102 2448 Pelasgi
1128 2393 1212 2448 Ag.
1242 2391 1354 2433 632.
1383 2405 1646 2447 quamquam
1685 2406 1710 2432 n
1736 2390 1777 2433 in
1804 2407 1826 2432 v
1863 2390 2007 2433 durati
2033 2389 2150 2432 aliud
2178 2389 2426 2447 exemplum
2453 2389 2542 2432 for-

173 2468 293 2503 tasse
328 2459 523 2503 ostendit
556 2460 663 2503 110.
685 2461 792 2502 -981
842 2460 914 2516 qui
950 2459 1010 2501 ita
1045 2458 1145 2501 mihi
1183 2458 1362 2501 uidetur
1406 2458 1734 2502 emendandus:
1785 2467 1830 2502 et
1864 2458 2082 2516 quidquid
2125 2458 2243 2501 aliud
2288 2458 2422 2501 cessit
2455 2458 2541 2514 (ita

172 2528 407 2581 Etruscus,
463 2528 635 2587 uulgati
678 2543 770 2571 res
787 2527 937 2585 titit)
960 2543 985 2570 a
1004 2529 1140 2570 beluis
1166 2535 1327 2580 tamen,
1353 2528 1560 2581 coniunx,
1587 2527 1753 2570 redisti.
1794 2529 1864 2570 ubi
1891 2527 2071 2570 codices
2097 2528 2158 2569 ab
2184 2526 2298 2569 illis
2322 2552 2388 2558 —
2407 2526 2540 2569 Both.

173 2611 198 2640 a
225 2597 407 2639 bellis.
431 2612 561 2654 quam
588 2612 747 2640 uocem
774 2597 846 2653 qui
875 2597 1004 2639 etiam
1027 2597 1216 2639 Horatio
1246 2596 1483 2639 restituere
1511 2595 1618 2639 uelit
1643 2611 1680 2638 c.
1706 2596 1727 2646 I
1758 2598 1817 2638 12
1891 2597 2149 2639 GGustavus
2169 2595 2356 2638 Wolfius
2385 2594 2539 2638 Philol.

173 2665 329 2708 XVIII
356 2681 396 2724 p.
426 2667 520 2708 ’727
552 2664 741 2724 (1862)
770 2664 952 2723 Orphea
979 2660 1140 2708 bEhTae
1166 2684 1222 2702 =
1246 2664 1409 2717 siluae,
1450 2680 1536 2707 non
1566 2664 1673 2707 uidit
1701 2666 1831 2707 etiam
1858 2666 2073 2708 Senecam
2101 2664 2407 2722 respicientem
2434 2662 2539 2705 illud

174 2734 465 2777 Horatianum
509 2734 585 2777 Hf.
630 2749 672 2777 u.
712 2735 808 2776 572
847 2733 1020 2776 dicere:
1072 2735 1200 2782 Quae
1233 2735 1370 2775 siluas
1404 2740 1449 2775 et
1474 2749 1581 2776 aues
1607 2748 1804 2790 saxaque
1830 2741 2025 2776 traxerat
2050 2735 2145 2782 Ars,
2172 2748 2287 2790 quae
2322 2733 2541 2789 praebue-

173 2810 240 2845 rat
260 2802 510 2845 fluminibus
531 2818 693 2854 moras,
717 2801 773 2844 ad
801 2803 923 2845 cuius
950 2803 1138 2845 sonitum
1165 2802 1458 2845 constiterant
1482 2801 1619 2853 serae,
1649 2810 1693 2844 et
1716 2803 1815 2844 ΗΟ.
1845 2804 2056 2845 u.1054:
2082 2800 2151 2843 Ad
2179 2809 2332 2844 cantus
2361 2802 2542 2844 ueniunt

173 2886 279 2913 suos
304 2875 415 2927 ipsis
440 2887 535 2914 cum
560 2872 739 2914 latebris
766 2870 901 2914 ferae.

316 2957 483 2999 Nescio
528 2972 630 2999 num
675 2956 886 2999 acciderit
930 2971 1062 3007 casu,
1114 2955 1234 3012 quod
1270 2956 1528 3013 praesertim
1576 2956 1615 2997 in
1662 2955 1881 3013 sapphicis
1929 2956 2191 2998 carminibus
2224 2963 2289 2997 tot
2330 2955 2539 3011 synizesis

180 3023 383 3082 exempla
419 3025 716 3068 inueniuntur.
763 3041 859 3067 nam
896 3040 1038 3082 pauca
1073 3034 1174 3067 sunt
1208 3039 1322 3081 quae
1350 3039 1402 3066 ex
1430 3023 1588 3066 ceteris
1615 3032 1851 3066 metrorum
1877 3023 2117 3082 generibus
2143 3023 2272 3066 allata
2298 3031 2411 3065 sunt.
2471 3024 2538 3065 Ex

172 3092 466 3149 asclepiadeis
494 3109 625 3136 unum
652 3101 821 3136 tantum
848 3093 1091 3135 adscribam
1118 3108 1264 3150 neque
1290 3092 1333 3135 id
1361 3093 1476 3134 omni
1497 3092 1744 3149 suspicione
1770 3092 1981 3135 liberum:

681 3179 911 3237 Effuginm
938 3189 981 3221 et
1008 3178 1168 3220 liberos
1201 3176 1207 3239 Ι
1241 3178 1377 3220 libera
1403 3193 1519 3220 mors
1548 3186 1682 3220 uocet
1775 3180 1857 3236 Ag.
1888 3178 1985 3221 589
