2690 3536
1157 170 1190 175 φ,
1519 167 1560 174 .—

172 283 304 327 ansp.
334 267 431 312 708
448 263 620 325 —38)
645 263 846 323 Thyesta
871 262 934 323 (V
959 262 1075 307 med
1102 261 1335 322 Thyestae
1361 277 1491 323 anap.
1519 263 1618 308 920
1634 263 1806 325 -69)
1842 262 2023 324 Oedipo
2050 263 2116 327 (V
2139 263 2258 311 med.
2284 264 2410 312 cltori
2433 281 2566 331 unp.

174 335 441 394 980—97)
468 337 802 395 Agamemnone
829 331 984 391 (1111
974 346 1047 386 tn„
1071 332 1112 375 in
1139 330 1410 378 editionibus
1438 347 1549 378 uero
1576 332 1645 377 111
1670 331 1746 393 f..)
1822 332 1957 384 Quod
1998 332 2197 379 ultimum
2235 336 2364 395 posui
2391 335 2565 385 essa·-

175 405 284 450 drae
321 412 366 448 et
401 403 524 448 chori
561 402 806 447 diuet-bium
845 409 910 445 est
945 399 1174 461 singulare
1206 402 1248 446 in
1274 401 1340 446 hi·
1366 400 1615 463 tragoediis
1641 417 1733 461 quo
1759 401 1868 448 illud
1894 402 2116 462 expressit
2141 403 2318 449 Seneca
2342 403 2467 465 qnod
2493 412 2567 453 ost

177 473 298 536 apud
312 473 575 532 Aeschylum
590 474 671 531 Ag.
690 471 916 515 1013-1
930 471 1027 515 287
1036 503 1046 514 .
1089 484 1244 515 uerum
1266 470 1360 516 eius
1387 470 1716 530 aequabilitatis
1737 485 1869 531 quam
1889 472 2078 516 instituit
2097 487 2290 532 graecus
2306 481 2445 534 poeta
2465 473 2567 524 nul-

178 544 265 588 lum
284 544 399 587 inest
426 541 662 600 uestigium
677 540 724 598 ¹).
764 539 864 586 Nec
890 539 1031 591 minus
1058 539 1264 584 eximium
1277 538 1468 585 Medeae
1495 540 1716 584 canticum
1745 539 1864 599 (1111
1884 540 2030 602 med.)
2057 540 2178 600 quod
2204 557 2343 602 saepe
2369 557 2564 591 comme·

178 613 461 659 morauimus.
535 614 652 653 lro'o
686 618 791 654 sunt
823 609 865 653 in
893 608 1094 653 Hercule
1128 608 1270 653 altero
1294 608 1413 668 (1111
1450 606 1565 653 med.
1594 608 1729 653 Chori
1764 624 1891 668 anap.
1934 611 2307 656 lam—121⁷.
2381 612 2419 656 V
2444 611 2563 660 med.

179 682 414 726 Alcmenae
440 695 568 739 anap.
601 678 940 723 1863-1939
968 677 1168 722 alcmanii
1201 678 1582 738 1944—1962).

316 773 460 816 Seme!
481 779 649 816 tantum
676 770 939 829 tragoediae
965 773 1139 813 e‘m‘te‘nm
1166 770 1261 813 fieri
1289 768 1492 815 uidemus
1527 771 1582 813 ab
1609 770 1862 829 anapaestis
1898 770 1940 814 in
1969 767 2177 814 Phaedra
2205 785 2248 814 u.
2279 771 2461 818 1-84
2489 772 2566 820 nbi

178 842 373 900 loquitur
398 840 688 900 Hippolytus,
726 842 858 883 semel
880 838 1040 883 eodem
1067 847 1209 883 metro
1232 839 1377 897 fim‘rr’
1406 838 1689 898 tragoediam
1716 854 1811 882 eam
1838 839 2007 884 scilicet
2043 854 2161 899 quae
2187 839 2335 885 multis
2359 841 2403 886 in
2429 842 2564 888 rebus

179 910 234 955 ab
263 919 366 954 octo
395 910 614 970 prioribus
642 908 846 961 discedit,
871 908 1117 953 Herculem
1145 908 1333 952 alterum
1360 908 1565 967 (Chorus
1598 907 1913 967 1983—96).

1226 1416 1510 1469 VIIII.

317 1533 387 1576 De
416 1533 665 1576 Phoenissis
701 1530 804 1590 quid
831 1531 1014 1575 sentiam
1041 1546 1177 1590 supra
1216 1531 1317 1576 dixi.
1369 1547 1522 1576 eorum
1562 1532 1677 1575 enim
1715 1531 1972 1586 carminum,
2006 1546 2123 1591 quae
2159 1531 2412 1576 necessaria
2438 1539 2567 1578 erant

181 1611 229 1647 ut
256 1601 518 1661 tragoediae
545 1617 704 1645 nornen
732 1602 972 1660 acciperet,
998 1609 1167 1660 partem
1195 1601 1414 1645 interiisse
1439 1609 1611 1661 partem
1638 1617 1724 1645 non
1751 1600 1998 1660 perfectam
2026 1616 2051 1644 a
2077 1608 2214 1660 poeta
2239 1610 2364 1660 puto.
2420 1601 2568 1647 Deest

181 1671 310 1715 etiam
348 1679 526 1730 praeter
559 1679 705 1714 actum
741 1671 941 1728 quintum
977 1686 1135 1729 magna
1165 1670 1332 1731 dialogi
1358 1686 1461 1729 pars
1488 1686 1636 1729 neque
1663 1685 1780 1728 quae
1805 1678 1908 1714 sunt
1933 1679 2114 1714 seruata
2141 1670 2271 1714 unius
2297 1669 2565 1731 tragoediae

180 1757 279 1785 esse
316 1749 464 1799 partes
499 1740 720 1784 uidentur.
796 1739 918 1798 quod
952 1749 1073 1783 recte
1101 1739 1430 1784 contenderunt
1455 1741 1508 1784 B.
1537 1738 1809 1783 Schmidtius
1834 1740 1876 1783 in
1902 1740 2131 1783 sententiis
2157 1740 2459 1785 controuersis
2485 1738 2565 1784 ad·

181 1809 283 1853 ditis
319 1809 619 1853 dissertationi
655 1825 761 1853 suae
788 1818 834 1853 et
859 1810 1091 1853 Gustauus
1120 1810 1305 1853 Richter
1329 1810 1370 1852 in
1401 1809 1501 1854 diss.
1531 1808 1587 1853 de
1613 1811 1788 1853 Seneca
1816 1808 2154 1869 tragoediarum
2182 1818 2383 1854 auctore.
2439 1809 2567 1855 Bon·

178 1894 261 1923 nae
286 1880 475 1937 (1862)
500 1895 539 1937 p.
569 1881 646 1922 21.

317 1973 549 2014 Octauiam
578 1970 769 2029 denique
795 1971 995 2029 quisquis
1023 1970 1144 2025 fecit,
1172 1971 1307 2031 longe
1333 1971 1538 2015 discessit
1563 1971 1635 2015 ille
1661 1987 1685 2015 a
1706 1973 1911 2015 Senecae
1938 1970 2197 2015 rationibus.
2242 1970 2421 2015 Nullum
2447 1969 2563 2015 enin

181 2039 310 2083 adest
335 2042 376 2083 in
403 2040 604 2083 secundo
632 2051 733 2084 actu
761 2056 843 2084 nec
869 2041 1089 2095 σιάσιμοι·
1115 2056 1197 2084 nec
1225 2040 1345 2084 aliud
1372 2041 1592 2085 canticum
1627 2050 1672 2085 et
1697 2041 1816 2099 quod
1843 2046 2050 2099 quartum
2086 2038 2254 2083 claudit
2281 2046 2326 2083 et
2351 2038 2563 2090 breuissi-

175 2124 293 2152 mum
321 2118 388 2152 est
413 2110 505 2168 (28
533 2111 691 2168 anap.)
720 2118 764 2154 et
790 2111 983 2168 pertinet
1009 2109 1064 2152 ad
1090 2126 1309 2154 scaenam.
1385 2111 1525 2153 Maior
1550 2126 1703 2155 eorum
1730 2110 1972 2154 carminum
2005 2116 2074 2153 est
2105 2123 2316 2153 numerus
2342 2123 2458 2168 quae
2481 2109 2564 2155 in·

179 2178 310 2221 mixta
338 2187 441 2221 sunt
474 2179 701 2236 episodiis,
727 2179 950 2222 accedunt
977 2195 1029 2222 ea
1057 2194 1173 2237 quae
1199 2179 1367 2223 initium
1394 2178 1562 2223 faciunt
1589 2188 1634 2223 et
1663 2182 1794 2224 tinem
1826 2178 2014 2222 fabulae.
2078 2180 2192 2222 Nam
2220 2178 2411 2223 Octauia
2438 2185 2563 2238 post·

177 2262 309 2305 quam
345 2249 597 2306 anapaestis
632 2248 725 2291 sola
753 2257 821 2291 est
847 2256 1020 2307 questa,
1060 2264 1158 2291 cum
1187 2249 1373 2293 Nutrice
1399 2249 1603 2307 queritur
1630 2265 1670 2293 u.
1699 2250 1902 2294 58—99
1930 2263 2045 2306 quae
2072 2263 2113 2292 u.
2142 2250 2234 2292 201
2255 2249 2426 2292 -221
2459 2262 2562 2292 cum

178 2316 350 2360 lunone
377 2332 640 2375 comparans
665 2317 779 2361 illam
808 2318 1026 2361 consolari
1053 2317 1221 2362 studet.
1296 2322 1410 2362 Actu
1447 2326 1595 2363 autem
1622 2319 1712 2362 1111
1742 2318 1858 2362 med.
1885 2317 2048 2361 chorus
2075 2333 2117 2361 u.
2148 2318 2384 2361 762—79
2411 2314 2564 2362 laudat

179 2384 420 2443 Poppaeae
447 2386 645 2431 formam.
718 2387 867 2431 finitur
892 2386 1126 2447 tragoedia
1155 2386 1356 2431 diuerbio
1383 2388 1499 2431 inter
1524 2389 1759 2432 Octauiam
1787 2396 1833 2432 et
1859 2387 2042 2431 chorum
2071 2402 2110 2430 u.
2139 2388 2429 2431 877—982.
2476 2386 2562 2431 Se-

180 2468 290 2496 neca
333 2454 470 2513 igitur
512 2456 632 2513 quod
667 2471 768 2499 raro
805 2455 979 2500 admisit
1013 2457 1067 2499 ab
1102 2457 1324 2501 Octauiae
1358 2466 1545 2501 auctore
1581 2458 1697 2502 iusto
1732 2457 1911 2516 saepius
1947 2464 2016 2500 est
2049 2455 2313 2509 admissum,
2363 2463 2410 2499 at
2443 2469 2562 2515 quae

178 2524 432 2566 necessaria
468 2533 592 2568 erant
626 2525 694 2568 bic
730 2525 940 2584 neglexit.
1024 2526 1184 2583 Neque
1218 2526 1304 2569 ullo
1342 2526 1427 2570 alio
1465 2535 1607 2571 metro
1644 2535 1824 2585 praeter
1858 2534 2126 2584 anapaestos
2161 2533 2231 2569 est
2266 2539 2399 2579 usus,
2446 2538 2560 2584 quos

178 2593 352 2635 Seneca
380 2593 629 2652 singulis
657 2602 823 2637 tantum
852 2595 920 2639 uel
949 2595 1095 2638 binis
1120 2596 1248 2654 (bina
1274 2604 1375 2639 sunt
1400 2596 1441 2639 in
1470 2600 1552 2655 Ag.
1580 2605 1624 2639 et
1648 2595 1757 2655 Hs.)
1784 2595 1972 2640 stasimis
2000 2594 2214 2639 adhibuit.

316 2686 373 2727 At
398 2700 487 2744 ego
515 2700 601 2728 non
629 2687 774 2729 omnia
800 2687 859 2729 ita
886 2703 910 2729 a
937 2695 1071 2746 poeta
1100 2687 1302 2746 prosecta
1329 2687 1409 2731 sed
1437 2688 1713 2732 librariorum
1751 2672 1890 2746 culp?
1917 2686 2054 2730 multa
2091 2702 2190 2730 esse
2217 2684 2403 2730 confusa
2428 2693 2560 2745 puta-

176 2752 311 2795 uerim
337 2761 474 2811 atque
499 2753 679 2798 confido
707 2770 909 2814 magnam
938 2771 1090 2799 eorum
1117 2764 1286 2815 partem
1313 2757 1354 2799 in
1383 2756 1582 2801 ordinem
1610 2772 1738 2800 suum
1765 2771 1899 2815 posse
1926 2755 2108 2799 restitui.
2162 2756 2276 2800 Nam
2302 2753 2427 2813 quod
2447 2754 2559 2799 net-

180 2821 268 2863 rius
295 2820 350 2863 ad
379 2838 417 2865 u.
447 2825 545 2867 586
573 2829 643 2880 (u.
673 2825 771 2867 592
801 2824 870 2868 ed.
899 2826 995 2882 Bip.
1004 2825 1024 2877 )
1051 2825 1361 2884 adscripsitx,
1368 2825 1564 2878 ‚uidetur
1589 2825 1867 2869 intercidisse
1894 2823 2058 2868 chorus
2086 2825 2157 2867 uel
2182 2824 2316 2868 alium
2341 2824 2383 2868 in
2410 2823 2560 2868 locum

178 2887 432 2947 irrepsisse,
521 2892 766 2936 rectissime
810 2892 895 2936 hoc
938 2894 1099 2946 sensit,
1153 2909 1418 2953 quamquain
1462 2894 1566 2938 licet
1613 2894 1819 2939 dubitare
1853 2908 1954 2937 num
1999 2893 2106 2937 alias
2150 2892 2353 2937 habuerit
2399 2907 2560 2937 causas

181 2965 360 3015 praeter
385 2961 587 3003 Senecae
623 2976 789 3004 morem
824 2978 913 3021 quo
948 2971 1074 3006 actus
1112 2963 1301 3006 choricis
1329 2963 1561 3007 conclusit
1635 2965 1778 3013 Quam
1816 2978 1907 3006 rem
1942 2963 1977 3006 si
2014 2962 2266 3007 accuratius
2303 2971 2423 3006 esset
2456 2974 2562 3042 per·

182 3034 365 3070 secutus
392 3026 591 3072 lacunam
618 3029 733 3074 illam
760 3029 963 3075 facillime
990 3039 1169 3090 poterat
1195 3032 1390 3091 explere.

301 3169 336 3220 ⁸)
367 3174 447 3211 Cas.
479 3172 504 3212 5
536 3177 628 3214 trim.
658 3178 721 3213 ct».
754 3176 807 3215 58
838 3190 937 3227 ansp.
969 3176 994 3215 2
1028 3184 1069 3216 tr.
1101 3180 1182 3217 ens.
1216 3177 1267 3218 15
1300 3185 1340 3218 tr.
1375 3181 1437 3219 Ch.
1476 3178 1527 3219 10
1557 3186 1600 3219 tr.
1633 3179 1712 3217 Cas.
1746 3176 1800 3216 39
1831 3184 1875 3217 tr.
1909 3176 1961 3216 16
1993 3179 2076 3216 dim.
2109 3179 2214 3216 iamb.
2245 3178 2310 3226 Cb.
2342 3172 2369 3214 7
2397 3182 2445 3215 tr.
