2690 3536
469 520 1029 584 OBSERVATORVM
1063 523 1140 584 IN
1177 523 1488 585 SENECAE
1524 524 1939 590 TRAGOEDIIS
1976 530 2328 593 LIBELLVS.

1303 663 1506 670 ---·.---.·-........--

1108 754 1359 804 AVCTORE
1390 755 1438 803 R.
1471 755 1692 806 PEIPER.

210 1085 380 1151 Metra
406 1121 458 1150 ea
485 1121 599 1164 quae
626 1106 765 1149 minus
792 1106 846 1149 ad
874 1121 964 1149 rem
991 1115 1184 1150 nostram
1212 1111 1448 1166 pertinent,
1491 1110 1722 1153 iambicum
1759 1110 2001 1154 trimetrum
2039 1119 2084 1154 et
2118 1119 2399 1170 anapaestos,
2452 1114 2579 1157 omit-

211 1183 356 1220 tentes
390 1175 738 1219 Horatianorum
774 1176 960 1233 primum
998 1183 1233 1219 metrorum
1271 1177 1424 1234 quales
1462 1179 1546 1221 sint
1581 1178 1699 1236 apud
1729 1180 1944 1222 Senecam
1985 1180 2173 1223 rationes
2214 1180 2441 1224 uideamus
2469 1180 2576 1240 (cfr.

210 1244 262 1288 B.
285 1243 487 1289 Schmidt
513 1259 552 1286 c.
574 1244 679 1286 VIII
707 1244 1025 1302 p.57—73).
1099 1246 1214 1288 Sunt
1240 1254 1386 1289 autem
1414 1246 1671 1304 sapphicum
1698 1247 2114 1306 hendecasyllabum
2143 1263 2240 1291 cum
2267 1248 2445 1304 adonio,
2479 1250 2576 1309 gly-

209 1328 401 1357 coneum
445 1328 544 1356 cum
592 1313 911 1370 pherecrateo,
962 1312 1292 1371 asclepiadeum
1328 1315 1527 1372 primum.
1609 1316 1894 1359 iambicorum
1941 1316 2101 1359 deinde
2145 1324 2189 1360 et
2232 1317 2574 1374 trochaicorum,

209 1391 434 1440 postremo
463 1381 777 1425 alcmmiorum
805 1396 1014 1424 uersuum
1043 1390 1087 1424 et
1114 1383 1468 1426 hexametrorum
1498 1383 1621 1427 breui
1648 1384 2010 1443 perlustrabimus
2038 1384 2348 1429 conditionem.

1364 1531 1422 1582 Ι.

351 1645 412 1688 Et
453 1646 662 1701 sapphici
698 1644 877 1701 quidem
923 1659 1079 1687 uersus
1124 1651 1381 1688 constanter
1423 1643 1586 1688 habent
1632 1644 1853 1702 dipodiam
1898 1645 2165 1689 trochaicam
2208 1648 2267 1690 ita
2310 1646 2487 1704 quidem
2533 1655 2578 1691 ut

208 1713 436 1758 secundus
462 1729 538 1772 pes
564 1728 740 1771 semper
764 1713 820 1756 sit
845 1712 1088 1771 spondeuS‚
1135 1721 1180 1756 et
1213 1714 1286 1771 qui
1313 1714 1515 1771 sequitur
1542 1713 1743 1771 dactylus
1771 1730 2007 1772 nunquam,
2053 1723 2098 1758 ut
2133 1715 2394 1773 quibusdam
2434 1717 2574 1760 uisum

209 1793 292 1837 est,
317 1781 593 1827 contrahitur
616 1783 656 1824 in
685 1781 948 1840 spondeum.
1010 1797 1195 1825 caesura
1224 1791 1368 1825 autern
1396 1783 1436 1824 in
1465 1783 1664 1825 omnibus
1692 1791 1914 1840 quotquot
1941 1783 2149 1842 leguntur
2174 1784 2376 1827 uersibus
2402 1785 2450 1828 fit
2477 1792 2576 1842 post

209 1853 325 1896 arsin
353 1851 629 1899 dactylicam.

351 1933 465 1974 Sunt
490 1938 634 1974 tamen
666 1945 820 1973 uersus
848 1930 918 1986 qui
947 1928 1010 1971 his
1039 1929 1213 1987 legibus
1240 1929 1469 1973 aduersari
1496 1929 1744 1974 uideantur.

448 2026 471 2052 a
522 2010 656 2068 Hipp.
686 2010 783 2052 286
859 2009 1078 2065 Quaeque
1106 2008 1160 2050 ad
1191 2010 1437 2066 Hesperios
1462 2010 1579 2052 iacet
1606 2024 1686 2052 ora
1711 2017 1850 2053 metas

688 2078 785 2121 288
860 2077 906 2120 Si
934 2092 1019 2134 qua
1047 2078 1321 2120 Parrhasiae
1346 2077 1544 2136 glacialis
1572 2093 1701 2120 ursae

546 2147 657 2188 Tro.
685 2146 782 2190 839
858 2147 921 2187 An
949 2145 1071 2188 ferax
1099 2150 1223 2189 narii
1245 2146 1400 2204 lapidis
1429 2147 1642 2203 Carystos

450 2227 476 2268 b
658 2226 787 2268 1054
860 2225 996 2268 Troia
1023 2239 1109 2282 qua
1136 2229 1281 2268 iaceat
1308 2226 1495 2284 regione
1521 2232 1768 2269 monstrans

450 2321 475 2349 c
524 2305 646 2349 Med.
686 2306 783 2347 636
859 2306 1044 2348 Sumere
1071 2311 1319 2348 innumeros
1344 2306 1520 2348 solitum
1547 2307 1714 2363 figuras

452 2386 479 2429 d
529 2386 668 2443 Hipp.
695 2386 791 2428 287
867 2385 914 2427 Si
941 2400 1027 2443 qua
1053 2384 1243 2428 feruenti
1267 2386 1461 2428 subiecta
1487 2400 1651 2446 cancro·
1675 2392 1743 2428 est

450 2482 474 2508 e
534 2466 646 2509 Tro.
687 2465 784 2508 824
861 2464 979 2507 Misit
1002 2463 1185 2506 infestos
1214 2466 1372 2507 Troiae
1397 2464 1531 2507 ruinis

681 2533 779 2577 856
852 2532 968 2575 Dum
996 2532 1111 2575 luem
1138 2539 1301 2576 tantam
1330 2534 1488 2576 Troiae
1514 2540 1649 2591 atque
1676 2532 1851 2576 Achiuis

460 2612 478 2655 f
686 2613 783 2655 855
860 2612 1004 2654 Mittat
1031 2621 1075 2654 et
1102 2611 1240 2655 donet
1263 2616 1513 2669 cuicumque
1538 2620 1684 2656 terrae

351 2692 546 2736 Dubium
572 2699 641 2735 est
667 2691 779 2733 enim
807 2699 952 2734 utrum
979 2691 1018 2733 in
1047 2692 1110 2734 his
1137 2692 1319 2735 metrica
1345 2691 1562 2749 quaedam
1589 2691 1764 2735 licentia
1792 2689 2084 2734 concedenda
2116 2692 2172 2734 sit
2196 2698 2358 2748 poetae
2386 2690 2573 2749 tragico,

208 2761 380 2805 scilicet
414 2768 463 2804 ut
495 2761 536 2803 in
573 2760 765 2818 quinque
802 2760 1019 2816 prioribus
1056 2761 1256 2803 uersibus
1294 2760 1515 2817 dactylum
1544 2761 1743 2818 posuerit
1769 2775 1848 2817 pro
1875 2758 2096 2818 spondeo,
2120 2760 2161 2802 in
2189 2766 2400 2817 quattuor
2425 2766 2572 2802 autem

207 2831 283 2888 qui
320 2838 567 2887 sequuntur
600 2843 678 2886 pro
714 2836 955 2885 anapaesto
992 2828 1238 2885 spondeum
1259 2826 1291 2886 ¹)
1311 2862 1320 2878 ,
1365 2844 1417 2871 an
1454 2828 1575 2885 quod
1602 2830 1695 2871 fieri
1722 2828 1869 2886 aliquo
1897 2827 2030 2871 modo
2058 2843 2188 2886 posse
2214 2827 2255 2869 in
2283 2827 2482 2870 omnibus
2507 2825 2572 2869 his

209 2898 420 2957 exemplis
447 2904 657 2956 putarunt
685 2896 765 2940 uiri
791 2896 1045 2944 doctissimi,
1084 2897 1272 2954 synizesi
1300 2905 1435 2954 atque
1475 2896 1638 2955 duplici
1664 2898 1888 2940 literarum
1924 2901 1944 2939 i
1977 2904 2021 2939 et
2047 2913 2073 2939 u
2108 2897 2151 2939 ui
2177 2903 2221 2939 et
2248 2903 2469 2954 potestate
2495 2894 2574 2938 ad·

210 2966 344 3009 hibita
371 2967 540 3009 numeri
567 2966 737 3024 possint
763 2965 890 3023 erigi.

333 3095 366 3150 ¹)
398 3101 509 3148 Digna
540 3102 597 3138 illa
636 3102 788 3139 Luxorio
827 3101 967 3138 licentia
1007 3114 1075 3138 non
1115 3102 1264 3138 Seneca.
1326 3102 1372 3138 cf.
1405 3101 1538 3147 Meyer-i
1569 3102 1675 3137 Anth.
1708 3112 1741 3137 n.
1762 3096 1857 3145 331,
1891 3097 1934 3134 5:
1992 3099 2046 3135 Αιι
2078 3095 2242 3136 tabulae
2272 3099 2395 3134 melius
2425 3097 2577 3145 praemia

204 3162 307 3205 grata
340 3162 431 3194 sunt.
465 3169 499 3194 n.
531 3154 627 3203 343,
660 3154 701 3194 7:
737 3159 813 3202 Quo
844 3170 883 3194 se
915 3158 1218 3195 Heliconiades
1250 3158 1364 3194 serunt
1394 3159 1544 3206 puellae.

2238 3222 2285 3256 1*
