2690 3536
1315 81 1346 128 8
2165 77 2167 81 ’
2503 77 2556 122 '⁴-

277 247 518 290 Caesuram
544 244 857 304 sapphicorum
883 259 1017 303 quum
1046 243 1265 286 rarissime
1291 241 1542 302 neglexerit
1567 245 1757 294 Seneca,
1799 258 1953 287 uersus
1980 252 2125 288 tamen
2152 243 2393 289 carminum
2418 244 2526 291 isto-

138 331 234 360 rum
260 315 604 376 Agamemnonis
626 323 670 358 et
692 312 856 371 Oedipi
886 313 957 357 ubi
984 312 1028 356 id
1057 312 1221 356 factum
1250 312 1585 356 excusationem
1613 310 1778 356 habent
1805 327 1858 355 ex
1886 312 2136 356 nominibus
2163 313 2353 373 propriis
2380 322 2426 358 et
2444 330 2526 372 que

137 384 365 429 enclitica:
431 412 433 414 -

336 503 358 508 -
382 497 402 508 ν
500 470 954 534 ΊἸῑετηιοάοηζιίηοειο
982 482 1189 517 cateruae
1334 471 1450 516 Oed.
1479 473 1570 516 481
1624 470 1799 522 (Codd.
1827 473 2033 517 omittunt
2057 487 2269 532 graues
2295 472 2419 532 quod
2447 489 2524 518 ex·

1618 539 1771 584 hibent
1796 540 2015 585 editiones
2042 551 2145 586 ante
2173 550 2476 602 cateruae)

339 651 361 656 -
386 645 406 656 υ
434 650 452 655 -
503 618 867 684 ΛωρὴίΙοηίοηυο
893 620 1035 666 caede
1327 619 1447 664 Oed·
1474 620 1574 665 485

136 716 194 760 ita
230 715 342 758 enim
378 714 524 757 locum
562 713 819 758 emendauit
848 714 1033 756 lacobus
1062 712 1324 755 Gronouius
1363 713 1403 755 in
1439 710 1616 756 schedis
1653 712 1890 756 Diezianis.
1966 713 2143 772 Ophion
2184 714 2342 759 Cadmi
2374 714 2523 759 socius

136 799 281 842 nequ<-
320 783 374 826 ab
402 781 568 826 Ouidio
609 798 755 841 neque
788 798 811 825 a
841 785 1014 826 Seneca
1050 789 1452 834 commemoratur,
1498 780 1579 824 sed
1608 781 1890 841 Amphionias
1926 797 2053 826 arces
2081 782 2188 826 dixit
2211 782 2286 827 ille
2312 783 2416 828 Met.
2440 783 2524 828 XV

136 856 231 898 4⁶27
272 861 317 895 et
352 853 542 912 egregie
569 854 774 896 Senecae
811 851 883 894 tlt
914 867 954 895 u.
984 852 1081 895 ‘268
1121 851 1329 894 Heinsius
1366 851 1560 894 correxit
1599 850 1680 893 ita:
1729 851 2058 910 ciuitasque
2084 851 2413 912 Amphionis
2449 850 2524 897 ubi

134 921 270 966 codd.
299 922 394 966 lere
427 926 558 979 alque
592 923 836 979 Oploe‘om‘ns
869 924 983 963 ce'm's
1024 929 1123 964 aut:
1173 923 1283 964 ciria
1317 924 1447 976 alque
1482 921 1710 975 Opln‘om‘a.
1785 920 1974 965 Poterat
2000 923 2176 966 Seneca
2204 922 2334 966 etiam
2363 922 2523 966 Echio-

135 995 297 1049 m'oqne
323 990 490 1038 dicere.
519 1000 565 1035 ut
593 991 734 1034 uoluit
761 990 948 1033 Grotius
976 989 1076 1033 coll.
1104 989 1238 1033 Ouid.
1268 990 1373 1033 Met.
1403 989 1468 1032 ΙΙΙ
1502 990 1597 1032 126
1624 988 1826 1033 Echione
1852 998 1981 1034 natus
2008 989 2254 1035 Pentheus.

277 1076 496 1121 Conditos
525 1073 779 1138 regessque
815 1075 1056 1134 luemque
1082 1084 1265 1135 gestans
1336 1078 1420 1135 Ag.
1449 1077 1564 1120 630.
1614 1076 1674 1119 ita
1701 1077 1815 1120 enim
1842 1076 2159 1137 corrigendum
2197 1076 2375 1122 uidetur
2398 1075 2522 1136 quod

134 1146 326 1192 traditur
351 1146 578 1189 codicibus
604 1161 775 1205 reges
801 1145 1146 1203 bellumque.

280 1234 409 1276 Patet
437 1232 603 1276 nullum
631 1232 810 1277 omnino
839 1248 939 1275 esse
967 1247 1144 1275 uersum
1171 1229 1294 1291 quod
1321 1229 1487 1290 legitur
1511 1230 1552 1274 in
1583 1233 1917 1291 Agamemnone
1945 1233 2038 1277 631

938 1319 997 1362 Et
1022 1318 1146 1363 licuit
1173 1332 1356 1362 uersare
1384 1317 1512 1361 dolos
1541 1326 1588 1361 ut
1613 1318 1711 1376 ipsi.

135 1407 337 1451 Licentia
363 1405 447 1449 alia
474 1414 654 1464 praeter
679 1405 793 1449 hane
818 1420 949 1463 quam
977 1405 1161 1449 diximus
1188 1413 1325 1463 poeta
1353 1420 1441 1448 non
1470 1413 1539 1447 est
1566 1420 1687 1448 usus.
1763 1406 1914 1463 itaque
1941 1405 2155 1464 synizesis
2182 1416 2317 1464 atque
2345 1406 2519 1449 diaere-

135 1478 195 1520 sis
222 1475 443 1519 licentiam
470 1475 657 1518 libenter
682 1473 888 1519 feremus.

279 1569 441 1611 Restat
478 1575 525 1610 ut
551 1567 607 1609 de
637 1566 813 1610 duobus
842 1567 948 1610 locis
976 1565 1119 1609 dicam
1149 1581 1342 1624 quorum
1369 1566 1482 1609 alter
1508 1567 1710 1624 quamuis
1739 1565 1907 1610 dudum
1934 1568 1990 1610 sit
2016 1566 2277 1610 emendatus
2303 1574 2448 1610 tamen
2478 1575 2526 1610 ut

138 1638 240 1681 olim
274 1646 340 1680 est
378 1635 526 1679 editus
564 1651 799 1694 perperam
844 1635 1172 1694 exemplaribus
1221 1636 1445 1695 uolgatur.
1520 1636 1624 1679 ΗΟ.
1670 1638 1814 1679 1566.
1889 1636 2067 1679 Parcite
2107 1653 2131 1678 o
2174 1638 2289 1679 dites
2331 1635 2526 1680 inhibete

136 1707 331 1750 dextras.
408 1705 693 1748 Florentinus
740 1723 763 1747 o
797 1706 943 1748 duces.
1018 1704 1262 1763 legendum
1303 1708 1488 1763 parcite,
1524 1706 1717 1748 audaces
1742 1706 1770 1748 i.
1800 1704 1840 1747 d.
1865 1703 1899 1761 ¹)
1975 1706 2079 1749 ΗΟ.
2112 1707 2256 1748 1562.
2301 1705 2524 1749 Minimum

138 1776 332 1819 cruentis
361 1775 409 1817 ln
437 1783 536 1817 tuas
564 1775 698 1818 urbes
726 1775 903 1818 licuisse
930 1774 1045 1817 satis.
1085 1774 1209 1817 Flor.
1237 1775 1409 1818 minus
1435 1775 1486 1817 in
1516 1774 1800 1832 procellis.
1837 1774 2053 1818 sortasse:
2080 1779 2299 1818 minimum
2321 1775 2526 1831 procellis

138 1845 187 1888 ln
215 1853 314 1887 tuas
342 1845 475 1887 urbes
502 1843 677 1887 licuisse
703 1843 752 1887 sa
770 1844 823 1888 ti.
886 1843 1080 1886 Alterius
1107 1843 1281 1886 medela
1310 1844 1466 1887 iniuria
1493 1844 1658 1887 Bothio
1686 1844 1760 1902 qui
1789 1844 1845 1887 de
1872 1853 2057 1887 auctore
2092 1851 2214 1887 tacet
2247 1842 2525 1887 adscribitur.

138 1914 391 1971 Utrumque
426 1912 620 1957 debetur
652 1913 829 1956 schedis
869 1914 1172 1956 Gronouianis
1208 1929 1324 1972 quae
1358 1913 1557 1957 Berolini
1596 1921 1884 1957 asseruantur
1927 1915 2035 1969 (ms.
2063 1913 2192 1956 Diez.
2231 1913 2267 1956 B
2302 1914 2427 1957 Sant.
2481 1913 2526 1958 8.

135 1999 175 2027 n.
208 1982 348 2040 154.)
419 1982 603 2025 Dudum
633 1998 685 2025 ex
714 1983 911 2026 Etrusco
944 1991 1175 2026 correctus
1203 1991 1271 2026 est
1298 1982 1415 2040 Th).
1446 2000 1483 2026 u.
1512 1985 1634 2026 (ἰθύς
1671 1993 1832 2026 cuncta
1861 1982 2037 2026 diuitias
2063 2009 2131 2016 —
2167 1990 2328 2026 cuncta
2356 1982 2526 2026 diuinat

137 2052 346 2103 (diuinos
373 2059 503 2095 uetus
530 2052 758 2110 exemplar
783 2051 1080 2111 Coloniense)
1116 2067 1384 2110 quamquam
1412 2052 1497 2096 huc
1525 2067 1611 2095 non
1641 2053 1885 2096 conuenire
1911 2051 2019 2095 illud
2047 2052 2187 2095 uisum
2214 2059 2282 2094 est
2307 2052 2522 2095 Grutero.

136 2121 209 2165 De
237 2122 344 2168 110.
377 2123 506 2164 1590
544 2137 678 2179 quum
707 2136 794 2165 non
822 2130 998 2164 constet
1024 2120 1131 2178 quid
1157 2121 1381 2164 Etruscus
1413 2121 1588 2170 habent,
1633 2121 1736 2165 licet
1764 2121 1967 2165 dubitare
1995 2136 2095 2164 num
2127 2135 2279 2164 uerum
2307 2121 2526 2180 repererit

136 2190 340 2249 Lipsius:
390 2190 598 2233 horreat:
639 2191 759 2234 malla
784 2191 1028 2234 dmmuetm
1054 2191 1175 2232 aulo.
1248 2189 1352 2233 Mihi
1380 2191 1552 2248 potius.
1590 2206 1724 2249 quum
1751 2191 2061 2249 sapphicorum
2090 2190 2320 2234 clausulae
2346 2189 2524 2234 tradan-

137 2269 210 2303 tur
235 2259 370 2314 tibris,
398 2259 587 2303 lacunae
613 2260 753 2318 signis
782 2260 937 2317 positis
964 2258 1248 2303 scribendum
1278 2259 1479 2303 uidetur:

820 2353 922 2396 Non
952 2351 1091 2395 duces
1117 2366 1282 2394 saeuos
1309 2351 1559 2395 miseranda
1586 2351 1716 2396 tellus

819 2443 1027 2455 .....
1099 2420 1262 2464 habeat
1287 2437 1370 2464 nec
1397 2421 1483 2464 ulla

819 2511 1028 2523 -----
1103 2490 1354 2534 dominetur
1380 2490 1492 2534 aula.

265 2649 300 2693 ¹)
332 2659 366 2690 at
397 2666 485 2690 nunc
518 2655 631 2691 malim
664 2655 807 2700 legere:
849 2656 981 2702 parcite
1013 2669 1055 2699 υ,
1098 2653 1222 2692 duras
1254 2657 1409 2692 inhibete
1441 2657 1604 2693 dextras.
1646 2657 1726 2691 coll.
1760 2656 1847 2690 (led.
1882 2653 1977 2691 (mu.
2039 2658 2233 2702 seruatque
2266 2666 2348 2690 suae
2380 2654 2523 2691 decreta

140 2711 239 2747 colus
270 2710 437 2747 Lachesis
468 2708 572 2747 don-a
604 2712 761 2748 reuoluta
795 2723 926 2747 treanu.
