2690 3536
1344 496 1446 549 ΙΙ.

343 625 475 668 Haec
508 623 740 666 habuimus
778 622 834 667 de
870 622 1052 682 singulis
1090 622 1307 666 uersibus.
1375 620 1595 666 Addenda
1628 629 1730 664 sunt
1767 636 1882 679 quae
1919 620 1975 664 de
2002 621 2239 665 carminum
2265 622 2577 681 sapphicorum

208 694 530 754 compositione
558 692 706 751 deque
731 691 902 736 adoniis
927 692 1132 734 immixtis
1154 691 1505 734 obseruauimus.

402 781 437 824 I.
474 780 651 824 Desunt
677 778 823 822 adonii
852 778 894 821 in
919 777 985 821 his
1010 777 1275 821 carminibus
1434 775 1515 820 Hs.
1544 776 1815 820 830—874
1840 776 2117 835 (sequuntur
2142 775 2378 834 glyconei)

1430 845 1566 903 Hipp.
1595 845 1865 888 274—324
1894 843 2207 902 (continuatur
2232 843 2509 904 anapaestis)

1431 914 1565 972 Hipp.
1597 913 1934 957 1149-1153
1957 911 2257 972 (antecedunt
2281 914 2404 956 uaria
2424 919 2580 968 metra,

1579 990 1824 1039 sequuntur
1848 981 2033 1025 trimetri
2058 981 2218 1039 quibus
2239 996 2380 1025 nouus
2399 989 2581 1040 paratur

1578 1050 1749 1109 actuS.)

382 1119 447 1167 11.
485 1118 723 1164 Adduntur
752 1117 916 1178 singuli
941 1117 1089 1161 adonii

481 1201 534 1259 a)
573 1199 762 1243 adonius
787 1199 830 1242 in
856 1199 944 1242 fine
970 1197 1172 1241 carminis
1198 1198 1369 1256 positus
1437 1198 1542 1241 ΗΟ.
1574 1198 1911 1242 1518-1606
1939 1197 2114 1256 (finitur
2139 1197 2291 1255 actus)

1434 1266 1549 1324 Thy.
1577 1267 1847 1310 546—622
1875 1266 2050 1319 (finitur
2074 1266 2227 1325 actus)

481 1337 536 1396 b)
575 1337 766 1395 priorem
804 1343 974 1395 partem
1008 1335 1209 1378 carminis
1246 1334 1414 1378 claudit
1448 1334 1660 1378 adonius:
1711 1335 1820 1378 Tro.
1859 1336 2144 1378 1010—56
2181 1334 2338 1392 (1021
2376 1332 2579 1377 adonius.

574 1420 617 1449 u.
647 1406 776 1449 1057
804 1404 958 1463 incipit
982 1419 1127 1447 nouus
1155 1404 1325 1462 actus).

481 1486 531 1544 c)
567 1494 739 1543 partem
775 1493 820 1529 et
852 1486 1043 1543 priorem
1079 1491 1124 1528 et
1147 1484 1442 1543 posteriorem
1467 1481 1680 1526 claudunt
1706 1480 1852 1525 adonii
1878 1482 2015 1540 Hipp.
2045 1483 2330 1527 736—752
2369 1480 2495 1539 (740
2534 1489 2580 1525 et

577 1556 673 1598 752
701 1554 865 1599 adonii.
924 1560 1174 1612 sequuntur
1199 1550 1511 1611 asclepiadei.)

210 1642 263 1685 In
299 1640 363 1684 his
396 1640 535 1700 igitur
569 1641 752 1683 canticis
790 1641 1107 1683 continuantur
1141 1638 1339 1697 sapphici
1375 1652 1597 1695 nunquam
1625 1645 1698 1680 aut
1724 1651 1823 1680 raro
1851 1651 1996 1694 neque
2022 1635 2067 1678 id
2093 1644 2214 1679 certa
2240 1635 2345 1695 lege
2369 1635 2578 1678 breuiore

210 1725 348 1755 uersu
371 1709 605 1767 interrupti
630 1716 708 1752 aut
732 1709 885 1752 clausi.

359 1789 445 1833 ΙΙΙ.
486 1789 752 1846 Composuit
785 1797 930 1833 tamen
968 1797 1101 1846 poeta
1135 1787 1265 1831 etiam
1302 1787 1494 1830 carmina
1525 1784 1714 1843 strophis
1739 1785 1900 1828 iterato
1927 1783 2236 1842 sapphicorum
2262 1798 2446 1827 numero
2473 1799 2578 1828 con·

481 1858 696 1902 stantibus
721 1872 904 1915 quarum
933 1857 1172 1914 unicuique
1198 1855 1377 1899 additus
1404 1864 1469 1898 est
1495 1853 1696 1897 adonius.

352 1952 390 1980 a.
462 1936 577 1980 Tale
604 1945 672 1981 est
698 1952 873 1980 carmen
902 1936 1023 1993 quod
1051 1936 1214 1995 legitur
1242 1935 1355 1978 Med.
1383 1935 1671 1978 579—669
1701 1934 1742 1975 in
1770 1948 1859 1990 quo
1886 1941 2202 1990 quaternorum
2228 1946 2438 1975 uersuum
2463 1940 2577 1975 stro-

212 2005 321 2066 phas
347 2012 519 2063 septem
544 2014 790 2064 sequuntur
815 2006 1011 2063 quinque
1036 2003 1246 2061 strophae
1272 2004 1458 2046 nouenis
1485 2009 1740 2045 constantes
1766 2002 1982 2044 uersibus.
2034 2004 2068 2043 A
2098 2015 2231 2043 uersu
2259 1999 2451 2058 denique
2478 2001 2576 2044 652

212 2090 357 2133 usque
392 2073 449 2116 ad
483 2089 526 2117 u.
563 2076 661 2119 669
739 2077 797 2117 17
836 2073 1035 2132 sapphici
1070 2073 1283 2131 leguntur
1317 2086 1406 2114 uno
1440 2070 1603 2114 adonio
1641 2085 1684 2112 u.
1724 2070 1821 2112 669
1858 2069 2010 2113 clausi.
2093 2070 2260 2112 Versus
2294 2076 2440 2112 tamen
2478 2069 2576 2112 66⁰

211 2145 452 2200 Patrebque
471 2145 635 2199 pendet
658 2147 841 2187 crimine
859 2158 1025 2200 poenos
1090 2141 1243 2184 mirum
1270 2139 1393 2197 quod
1420 2156 1506 2183 non
1535 2139 1689 2182 docuit
1713 2137 1921 2181 metricos
1947 2136 2165 2181 turbatam
2191 2152 2291 2180 esse
2316 2137 2430 2180 hanc
2455 2135 2580 2180 chori

213 2219 399 2272 partem.
470 2210 596 2256 Inest
632 2220 785 2270 aperte
814 2226 971 2255 uersus
997 2211 1081 2253 iste
1106 2210 1288 2252 breuior
1311 2209 1537 2266 stropham
1564 2206 1774 2250 claudens
1800 2206 2112 2265 paenultimam
2137 2220 2436 2263 numerusque
2461 2212 2579 2248 stro-

213 2280 398 2339 pharum
433 2281 736 2325 restituendus
770 2281 805 2323 is
840 2296 970 2338 quem
1006 2279 1315 2337 quaternariae
1349 2277 1449 2320 illae
1485 2283 1734 2320 seruarunt.
1809 2275 2017 2318 Versibus
2050 2275 2187 2334 igitur
2218 2274 2492 2332 transpositis
2516 2273 2580 2317 ita

214 2364 377 2394 censeo
402 2348 644 2408 legendum
664 2346 726 2408 ¹):

774 2418 867 2462 661
980 2415 1184 2459 Fulmine
1211 2421 1256 2458 et
1280 2421 1416 2473 ponto
1443 2413 1634 2456 moriens
1661 2412 1816 2456 Oileus

777 2487 874 2530 660
891 2501 916 2528 a
976 2506 1184 2519 -----
1247 2482 1481 2540 patrioque
1507 2481 1674 2539 pendet

776 2554 913 2598 660b
1246 2551 1439 2594 Crimine
1467 2566 1649 2607 poenas.

335 2670 373 2725 ¹)
403 2671 605 2710 violentius
643 2672 792 2717 egerunt
828 2672 864 2703 et
894 2666 1068 2703 Badenius
1099 2677 1177 2701 cum
1209 2664 1335 2701 Botbio
1366 2664 1425 2710 qui
1455 2674 1662 2710 quamquam
1694 2663 1762 2698 hoc
1794 2660 1894 2697 metri
1924 2671 2039 2708 genus
2069 2660 2172 2696 etiam
2203 2659 2238 2695 in
2269 2658 2397 2706 Oedipi
2427 2670 2460 2694 u.
2493 2654 2577 2695 489

215 2731 373 2769 inuenire
404 2730 473 2766 sibi
504 2729 600 2765 uisus
632 2731 698 2771 est,
729 2730 845 2761 tamen
876 2723 954 2770 quia
986 2723 1043 2758 hic
1074 2722 1185 2758 solum
1217 2720 1309 2757 inter
1339 2730 1455 2757 meros
1486 2719 1675 2767 sapphicus
1706 2718 1751 2754 sit
1789 2717 1940 2764 positum
1972 2716 2223 2752 Ascensianam
2245 2716 2432 2751 lectionem
2471 2714 2578 2759 „cri-

217 2787 299 2825 mini
330 2797 464 2835 poenas
502 2784 617 2833 patrio
656 2781 859 2830 pependit“
898 2779 1072 2827 praefert,
1112 2783 1147 2814 et
1176 2777 1346 2813 Lucianus
1376 2776 1523 2813 Mueller
1551 2775 1610 2822 qui
1639 2787 1674 2822 p.
1707 2771 1789 2810 119
1820 2775 1843 2810 1.
1875 2774 1899 2809 l.
1929 2784 1993 2820 pro
2026 2773 2143 2808 uerbis
2175 2770 2398 2821 patrioque
2421 2768 2580 2819 pendet

218 2855 253 2880 c.
279 2855 325 2893 p.
354 2847 505 2891 „aperte
521 2838 574 2892 (¹2)
605 2840 761 2887 glossam
793 2835 1078 2873 continentibus“
1109 2834 1324 2870 substituere
1354 2833 1427 2868 uult
1457 2833 1554 2868 uelut
1583 2829 1750 2868 crimine
1780 2828 1943 2866 amoris.
1964 2849 2020 2856 —
2046 2829 2083 2865 ln
2115 2833 2314 2864 transcursu
2345 2827 2445 2863 sliam
2475 2828 2578 2863 huius

218 2900 344 2936 cantici
376 2899 534 2935 mendam
565 2896 691 2933 tollere
721 2894 839 2930 liceat.
901 2892 1102 2939 Legendum
1134 2895 1189 2927 est
1220 2889 1310 2925 enim
1342 2899 1388 2925 ex
1418 2888 1554 2925 codicis
1584 2886 1776 2924 Florentini
1805 2885 1969 2932 uestigiis
2000 2897 2034 2920 u.
2066 2881 2147 2920 652
2178 2895 2231 2930 sq.

757 2961 935 2997 ldmonem
966 2958 1123 3006 quamuis
1153 2959 1243 2994 bene
1275 2956 1345 2993 sata
1376 2959 1499 2992 nosset

757 3016 922 3053 Condidit
948 3013 1091 3065 pestis.
1151 3013 1291 3060 Libycis
1321 3013 1437 3049 arenis
1467 3016 1537 3048 etc.
1567 3010 1616 3057 (E
1645 3008 1745 3059 sepi,
1776 3009 1940 3055 uulgares
1970 3009 2165 3055 serpens.)

218 3087 344 3125 Vatem
374 3085 467 3122 enim
497 3096 601 3132 quum
633 3084 690 3120 alii
722 3084 845 3120 morbo
876 3083 934 3119 alii
965 3083 1038 3129 apri
1070 3080 1234 3117 dentibus
1264 3080 1323 3116 alii
1354 3078 1529 3126 serpentis
1560 3089 1677 3115 morsu
1708 3076 1898 3112 extinctum
1929 3074 2101 3119 dicerent,
2132 3073 2258 3110 Ouidio
2288 3077 2478 3121 praeeunte
2494 3071 2581 3108 Met.

216 3143 281 3180 Vll
310 3139 391 3180 764
424 3152 651 3189 quaecunque
682 3141 804 3177 mortis
835 3150 939 3176 causa
971 3142 1044 3175 erat
1070 3139 1221 3185 pestem
1253 3136 1340 3172 dixit
1371 3139 1491 3183 poeta.

2245 3194 2267 3228 2
