2690 3536
1281 97 1347 144 39

257 260 472 312 Queritur
490 258 681 304 Octauia
706 271 831 302 suam
854 255 1094 311 fortunam,
1117 257 1347 317 genitricis
1370 265 1574 313 mortem,
1600 272 1778 302 saeuam
1797 273 2040 303 nouercam
2059 266 2232 319 patrem
2252 277 2278 306 a
2299 278 2496 309 nouerca

117 336 167 376 et
190 329 348 374 marito
371 327 669 373 intersectum.
719 324 944 384 querelam
970 324 1166 369 nondum
1191 326 1355 371 finitam
1380 327 1527 370 subito
1546 327 1707 371 Nutrix
1734 328 1952 387 abrumpit
1965 328 2183 373 Claudiae
2210 330 2368 375 domus
2394 348 2493 376 sor·

119 406 210 444 tem
236 406 286 442 ut
309 398 358 442 fit
380 397 422 441 in
447 395 702 456 prologis
729 408 925 449 narrans,
946 410 1062 453 quae
1077 395 1269 439 Neronis
1295 402 1530 454 postquam
1551 397 1774 440 recensuit
1798 397 1985 452 scelera,
2009 397 2231 442 infelicem
2261 399 2494 459 descripsit

120 481 320 512 sororem
346 466 627 523 eandemque
653 465 905 523 coniugem,
931 463 1148 538 Claudiae
1173 464 1281 508 iram
1307 463 1456 507 odium
1483 464 1682 508 dolorem
1709 465 1919 520 ostendit,
1944 467 2028 510 iam
2054 467 2175 525 quod
2201 468 2344 511 animo
2372 485 2493 514 com-

119 536 301 581 missum
335 535 462 579 uidet
495 534 640 578 scelus
673 532 940 589 nefandum,
986 533 1134 576 uxoris
1169 532 1399 577 discidium
1426 540 1562 591 atque
1588 549 1740 577 necem
1767 534 1944 579 indicat.
2018 536 2129 580 haec
2154 536 2281 580 simul
2307 552 2359 580 ac
2385 554 2491 582 con-

118 605 269 659 ticuit,
311 604 456 648 statim
491 603 779 661 interruptam
816 601 990 645 alumna
1024 600 1081 645 de
1114 603 1249 659 patris
1283 609 1425 645 morte
1462 602 1819 646 lamentationem
1846 603 1994 648 denuo
2021 606 2198 664 excipit.
2242 631 2311 639 —·
2355 606 2490 650 Vides

122 672 343 718 Octauiae
367 687 615 716 sermonem
643 670 958 714 uiolentissime
986 670 1272 729 discerptum,
1300 671 1539 730 prologum
1565 687 1650 714 non
1676 688 1758 715 suo
1796 672 1897 716 loco
1925 674 2131 732 positum.
2204 674 2322 718 hunc
2355 676 2492 734 igitur

119 742 218 786 iure
242 741 487 785 restitueris
515 740 736 784 ordinem:
774 741 815 783 N
834 739 978 782 utrix
1007 755 1045 783 u.
1073 740 1100 783 3
1117 741 1143 783 5
1161 742 1256 782 ——7
1278 742 1298 782 1
1319 772 1330 793 ‚
1360 741 1563 785 Octau.
1596 742 1734 784 1—53
1752 743 1807 795 4,
1836 743 2025 786 58—--7
2044 742 2271 786 l.-Iam
2297 743 2492 801 loquitur

118 809 281 856 Nutrix
316 808 370 869 (a
396 826 437 854 u.
467 809 557 869 72)
584 807 841 853 consolatur
872 817 1024 851 monet
1050 817 1097 851 ut
1122 807 1284 851 blando
1312 809 1528 866 obsequio
1556 810 1698 853 uirum
1726 811 1887 854 uincat.
1962 811 2146 854 inuisam
2172 827 2221 854 se
2246 814 2322 855 flet
2348 815 2486 856 Octa·

120 878 191 924 uia
216 879 398 937 coniugi
424 894 624 936 suaeque
649 877 892 922 subiectam
919 876 1110 920 famulae
1137 877 1382 936 (superbae
1409 878 1538 936 pelici
1564 894 1606 921 u.
1638 881 1751 933 125,
1797 895 1912 936 quae
1948 895 2054 923 sane
2090 881 2309 938 „pretium
2345 882 2487 939 stupri

117 949 272 992 Iustae
305 948 505 991 maritum
542 946 745 1005 coniugis
782 955 932 1004 captat
968 951 1134 1004 caput‘2
1174 961 1216 990 u.
1249 945 1387 1005 133).
1462 948 1626 990 Iterum
1661 948 1731 990 illa
1767 949 1940 1002 „uince
1979 948 2321 1006 obsequendo.“
2403 950 2485 993 sed

119 1016 334 1060 Octauia:
376 1017 638 1075 „Expectat
674 1015 800 1057 aliam
826 1013 1042 1073 Principis
1072 1015 1274 1059 sobolem
1309 1015 1491 1069 domus3
1531 1017 1604 1059 Me
1631 1017 1723 1059 dira
1749 1018 1893 1060 miseri
1920 1016 2009 1060 fata
2035 1018 2235 1076 germani
2261 1018 2486 1061 trahunt.“

117 1085 287 1129 Metum
314 1084 537 1143 expellere
562 1084 728 1137 studet,
772 1083 931 1126 ciuium
966 1083 1120 1126 fauore
1146 1084 1315 1128 solatur
1339 1086 1521 1139 Nutrix,
1564 1084 1646 1128 sed
1682 1086 1864 1129 euanuit
1898 1087 2036 1129 omnis
2063 1102 2166 1145 spes
2192 1087 2234 1129 in
2263 1088 2482 1130 Octauiae

118 1162 284 1207 mente,
327 1153 459 1212 pelex
493 1161 625 1212 atque
650 1153 809 1196 iterum
835 1152 963 1210 pelex
991 1152 1185 1206 timetur,
1230 1168 1343 1210 quae
1369 1168 1634 1211 quamquam
1661 1154 1855 1197 nondum
1882 1170 1996 1197 uxor
2022 1163 2091 1199 est
2116 1157 2239 1209 „iam
2269 1171 2380 1198 uxor
2406 1157 2482 1199 fiet

121 1229 167 1267 et
197 1222 389 1282 genitrix
425 1223 602 1267 simul.“
674 1222 873 1265 Excusat
898 1222 1123 1264 Neronem
1148 1223 1312 1266 Nutrix
1344 1222 1522 1265 iuuenili
1548 1222 1726 1277 ardore,
1769 1223 2052 1282 „languescit
2085 1224 2200 1267 idem
2235 1224 2363 1267 facile
2400 1239 2484 1268 nec

121 1290 252 1335 durat
278 1290 403 1346 diu,“
428 1291 513 1335 iam
538 1292 693 1336 timere
722 1291 781 1334 ait
804 1291 940 1348 ipsam
966 1291 1251 1349 Poppaeam:
1296 1300 1375 1345 „et
1399 1291 1511 1334 hanc
1536 1291 1644 1335 leuis
1671 1291 1891 1349 fallaxque
1919 1291 2131 1336 destituet
2157 1292 2265 1336 deus
2293 1293 2484 1336 Volucer

120 1360 313 1418 Cupido,
357 1361 414 1403 sit
447 1360 553 1404 licet
585 1359 727 1403 forma
761 1360 1002 1402 eminens.“
1075 1360 1276 1416 sequitur
1311 1360 1639 1418 anapaesticum
1665 1376 1840 1404 carmen
1868 1376 1910 1404 u.
1938 1363 2030 1404 201
2051 1363 2221 1404 -221
2263 1377 2349 1418 quo
2385 1377 2485 1405 cum

117 1429 302 1473 Iunonis
325 1429 553 1473 doloribus
574 1444 690 1487 quae
710 1444 825 1471 nunc
844 1428 1235 1486 patiaturOctauia
1256 1428 1603 1481 contenduntur;
1629 1429 1775 1472 finitur
1794 1438 1942 1473 autem
1963 1430 2086 1473 simili
2108 1438 2242 1487 atque
2263 1439 2392 1473 antea
2407 1430 2484 1474 ad-

88 1496 371 1542 'hortatione
396 1513 592 1557 „graues
618 1498 746 1541 uince
774 1496 1007 1540 dolores.“
1078 1498 1190 1540 Post
1216 1497 1301 1540 hoc
1328 1497 1500 1541 demum
1527 1513 1704 1541 carmen
1730 1498 1785 1543 ad
1811 1500 1993 1542 nutricis
2019 1500 2211 1556 priorem
2236 1515 2486 1543 sermonem

118 1566 189 1626 (u.
219 1568 313 1611 177
354 1566 484 1611 uince
520 1565 837 1624 obsequendo)
875 1566 1048 1609 alumna
1074 1582 1122 1609 se
1150 1566 1304 1609 uertite
1348 1581 1602 1624 „nunquam
1631 1582 1729 1610 cum
1755 1567 1932 1611 scelesti
1958 1569 2160 1626 coniugis
2186 1576 2331 1611 mente
2356 1568 2487 1626 impia

118 1650 243 1679 mens
279 1643 432 1680 nostra
463 1637 723 1695 iungetur.“
793 1635 970 1678 Crescit
1003 1634 1107 1678 inde
1142 1634 1292 1678 odium
1328 1636 1369 1678 in
1396 1637 1622 1679 Neronem
1658 1636 1699 1678 in
1726 1635 1982 1680 immensum
2008 1652 2091 1680 nec
2118 1636 2355 1694 quidquam
2382 1653 2485 1695 pos-

117 1711 221 1748 sunt
242 1705 439 1748 Nutricis
466 1705 625 1748 uerba:
672 1703 811 1758 „Sed
851 1703 963 1747 cede
998 1702 1098 1747 fatis
1138 1738 1144 1747 .
1187 1739 1197 1749 .
1238 1719 1499 1762 quamquam
1526 1704 1732 1764 indignus
1757 1705 1829 1747 ille
1866 1712 1935 1749 est
1970 1736 1980 1745 .
2021 1739 2028 1747 .
2067 1705 2250 1748 forsitan
2275 1705 2415 1748 laetus
2442 1712 2490 1748 et

115 1773 271 1817 ueniet
295 1772 440 1818 dies.“
511 1773 649 1817 Redit
682 1773 830 1816 luctus
856 1772 912 1816 ad
938 1774 1087 1816 matris
1113 1774 1379 1816 memoriam.
1407 1800 1470 1806 --
1500 1775 1625 1822 Quae
1650 1774 1910 1831 interposita
1934 1783 2034 1816 sunt
2059 1774 2252 1817 Nutricis
2279 1781 2324 1816 et
2349 1775 2487 1817 Octa-

120 1842 219 1886 uiae
244 1842 390 1885 uerbis
416 1843 582 1885 interse
605 1841 981 1900 respondentibus
1009 1842 1258 1885 absolutum
1284 1841 1507 1900 quoddam
1535 1857 1710 1886 carmen
1738 1858 1836 1885 esse
1860 1849 2076 1885 testantur
2099 1843 2346 1885 sententiae
2371 1858 2488 1900 quae

116 1909 241 1954 initio
276 1917 322 1954 et
351 1911 395 1954 in
428 1911 516 1953 fine
548 1918 651 1954 sunt
686 1910 933 1953 collocatae
968 1912 1033 1967 (u.
1073 1912 1194 1954 201:
1245 1912 1386 1954 Passa
1419 1919 1487 1954 est
1522 1910 1682 1953 similes
1718 1911 1813 1968 ipsa
1851 1910 2029 1953 dolores
2064 1911 2221 1969 regina
2256 1910 2385 1953 deum
2416 1932 2485 1947 =

117 1980 298 2024 u.219:
333 1979 407 2022 Tu
434 1994 614 2037 quoque
638 1978 766 2022 terris
792 1978 931 2021 altera
957 1980 1086 2034 luno,
1109 1979 1437 2037 sororAugus‘ti
1461 1979 1728 2036 coniuxque,
1755 1994 1917 2037 graues
1942 1980 2070 2022 uince
2097 1979 2318 2037 dolores).
2365 1978 2489 2036 quod

119 2062 295 2092 carmen
323 2063 412 2107 ego
438 2048 613 2091 minime
639 2055 787 2105 aptum
813 2054 920 2105 puto
946 2047 1126 2090 nutricis
1155 2048 1197 2090 in
1225 2062 1315 2090 ore.
1389 2062 1487 2090 nam
1524 2062 1785 2106 quamquam
1810 2048 1986 2106 saepius
2013 2047 2221 2091 diuerbiis
2247 2046 2488 2090 adhibitum

118 2123 190 2160 est
222 2117 552 2175 anapaesticum
577 2123 781 2169 metrum,
825 2131 1040 2174 nusquam
1064 2131 1149 2159 una
1174 2124 1342 2159 tantum
1367 2131 1515 2160 earum
1542 2132 1658 2174 quae
1683 2115 1724 2159 in
1752 2131 1914 2160 scaena
1940 2124 2078 2175 agunt
2107 2130 2394 2174 personarum
2430 2131 2486 2158 eo

120 2186 270 2229 utitur.
329 2185 505 2229 accedit
530 2185 649 2243 quod
674 2184 746 2227 illa
772 2200 869 2228 cum
890 2185 1061 2228 Iunone
1087 2184 1359 2243 comparatio
1387 2201 1442 2228 ne
1468 2187 1662 2244 pertinet
1688 2185 1863 2242 quidem
1891 2185 1947 2228 ad
1973 2185 2227 2238 Nutricem,
2263 2200 2363 2227 nam
2389 2199 2486 2227 eam

121 2253 283 2298 chorus
317 2253 398 2297 sibi
433 2255 619 2313 sumpsit
654 2269 695 2296 u.
735 2255 858 2296 282:
909 2254 1076 2297 Fratris
1110 2253 1324 2297 thalamos
1370 2256 1526 2297 sortita
1570 2262 1693 2297 tenet
1734 2254 1918 2297 maxima
1955 2254 2082 2297 Iuno.
2128 2268 2256 2296 soror
2298 2252 2489 2311 Augusti

119 2323 292 2366 sociata
334 2323 442 2365 toris
480 2338 556 2366 cur
591 2338 615 2365 a
641 2322 781 2379 patria
816 2322 994 2379 pellitur
1032 2322 1129 2365 aula
1141 2323 1187 2382 2²)
1226 2322 1417 2380 denique
1445 2323 1519 2380 qui
1544 2330 1720 2380 poterat
1741 2322 1958 2365 Octauiae
1984 2322 2215 2380 responsio
2243 2337 2268 2364 a
2294 2321 2489 2365 Nutricis

120 2391 270 2435 uerbis
306 2391 463 2448 quibus
500 2391 714 2434 mitiorem
760 2405 854 2433 eam
892 2391 983 2433 uult
1016 2390 1205 2434 reddere
1244 2391 1584 2448 (189—200)
1621 2392 1951 2449 comparatione
1988 2406 2040 2433 ea
2078 2405 2191 2447 quae
2224 2397 2321 2433 toto
2358 2389 2486 2432 coelo

121 2459 296 2503 diuersa
323 2467 389 2503 est
415 2461 468 2502 ab
496 2459 767 2519 argumentis
787 2459 920 2502 modo
939 2458 1076 2502 allatis
1100 2458 1322 2517 disiungi?
1348 2461 1498 2509 Quare
1518 2459 1836 2503 remouendum
1855 2459 1970 2503 illinc
1991 2459 2091 2502 mihi
2113 2458 2289 2502 uidetur
2307 2472 2487 2502 carmen

118 2535 257 2586 atque
284 2528 319 2571 si
345 2529 439 2571 fieri
465 2536 612 2587 potest
645 2527 934 2585 adscripto
971 2528 1123 2570 chori
1159 2529 1373 2571 nomine
1409 2536 1538 2586 post
1572 2544 1613 2571 u.
1643 2530 1754 2571 272
1792 2527 2280 2586 transponendum.
2354 2541 2486 2584 quum

119 2598 235 2641 enim
262 2597 427 2640 timoris
454 2597 611 2655 plenae
638 2604 788 2640 essent
815 2597 1056 2639 etOctauia
1083 2597 1295 2640 etNutrix
1321 2604 1455 2654 atque
1482 2598 1705 2640 aNerone
1733 2603 1930 2640 extrema
1956 2604 2188 2654 sperarent
2214 2595 2323 2654 (iam
2350 2595 2491 2638 totius

119 2665 387 2724 tragoediae
423 2667 553 2709 finem
588 2666 744 2709 Nutrix
782 2665 1015 2722 praefinxit
1051 2665 1226 2723 prologi
1262 2681 1304 2707 u.
1335 2667 1398 2707 56
1437 2667 1522 2716 57;
1566 2673 1612 2707 et
1648 2680 1761 2723 quae
1794 2665 1875 2707 sibi
1914 2666 2101 2708 Octauia
2139 2672 2345 2722 expectat
2382 2662 2493 2705 dixit

60 2748 61 2751 ’
121 2749 166 2777 u.
196 2735 291 2778 133
318 2734 465 2794 sqq.),
492 2750 578 2778 non
607 2743 752 2778 tamen
781 2748 954 2776 omnem
979 2749 1102 2791 spem
1128 2733 1266 2776 altera
1294 2732 1467 2785 dimisit,
1509 2734 1543 2776 si
1570 2733 1704 2776 modo
1732 2734 1917 2791 obsequi
1946 2734 2052 2777 uelit
2078 2733 2267 2776 Octauia
2292 2730 2493 2789 coniugi,

122 2802 242 2859 quod
266 2803 425 2846 iterum
451 2804 697 2861 iterumque
724 2810 874 2846 monet
898 2803 1061 2846 Nutrix
1086 2801 1230 2846 solata
1256 2803 1383 2845 etiam
1412 2802 1570 2845 ciuium
1596 2802 1767 2856 fauore,
1813 2803 1885 2859 qui
1912 2801 2049 2845 choro
2079 2800 2240 2843 deinde
2267 2809 2362 2843 erat
2385 2814 2491 2858 pro-

121 2871 402 2915 nuntiandus.
475 2873 604 2930 Atqui
642 2870 815 2915 solandi
852 2870 1043 2914 officium
1081 2885 1254 2914 carmen
1291 2870 1398 2914 illud
1434 2886 1519 2927 quo
1546 2871 1742 2915 Nutricis
1769 2869 2007 2913 admonitio
2040 2876 2302 2912 retractatur
2333 2867 2493 2928 (uince

123 2940 351 2997 obsequio,
390 2939 447 2985 cl.
479 2943 572 2984 192
609 2955 733 2983 amor
768 2940 971 2998 perennis
1008 2939 1188 2998 coniugi
1226 2946 1375 2982 castae
1409 2939 1581 2997 manet)
1616 2939 1766 2982 melius
1805 2945 1956 2982 tuetur
1993 2952 2123 2995 quam
2149 2938 2223 2994 qui
2250 2952 2364 2980 nunc
2390 2942 2493 2993 post

120 3022 166 3051 u.
194 3009 290 3051 272
316 3007 481 3066 legitur
506 3008 691 3053 chorus:
726 3011 875 3060 „Quae
888 3008 1023 3063 sama
1050 3009 1168 3051 modo
1194 3011 1315 3051 uenit
1338 3008 1400 3050 ad
1422 3012 1617 3051 anres!“
1656 3008 1752 3067 (est
1777 3015 1921 3050 autem
1948 3004 2197 3063 euocatio.)
2264 3007 2382 3048 Sane
2407 3003 2495 3046 hoc

121 3090 305 3134 quoque
331 3077 545 3120 canticum
579 3077 776 3120 fauorem
812 3076 964 3135 populi
988 3091 1204 3120 summum
1228 3075 1405 3119 indicat.
1480 3084 1524 3119 at
1547 3075 1706 3118 famam
1730 3074 1845 3117 illam
1872 3074 1994 3132 quod
2019 3076 2104 3117 iam
2129 3074 2215 3117 hoc
2244 3074 2345 3116 loco
2374 3087 2495 3115 com·

118 3144 330 3200 municat,
366 3160 453 3188 non
481 3146 692 3190 conuenit
718 3160 816 3189 cum
843 3144 1017 3189 fabulae
1042 3146 1300 3199 rationibus,
1337 3159 1470 3202 quum
1497 3142 1644 3187 adhuc
1669 3143 1771 3186 nihil
1797 3150 1967 3187 certum
1993 3144 2048 3186 sit
2078 3141 2410 3201 pronuntiatum
2437 3139 2499 3183 de
