2690 3536
2502 0 2690 70 ..f-Q

1296 86 1363 134 36
2678 80 2690 131 2}

1126 154 1531 162 ——-———--›-—-—·—-

130 255 256 303 nullo
302 254 399 300 tieri
433 268 566 316 posse
600 250 805 312 exemplo
850 264 904 296 ex
939 247 1005 295 his
1039 247 1287 311 tragoediis
1331 255 1511 308 sumpto
1555 245 1796 303 docemur,
1838 259 1940 292 cum
1982 244 2236 306 anapaestis
2278 243 2527 316 arcti-she

135 324 364 371 coniuncti
390 331 515 369 sunt:

1091 393 1196 432 ante
1221 400 1309 432 non
1336 385 1515 446 linguas

884 454 1039 516 Agiles
1066 465 1111 500 et
1136 470 1214 500 ora
1241 455 1366 500 uocis
1392 455 1576 514 ignotae

885 525 1095 570 Clamore
1120 525 1307 584 primum
1333 522 1506 568 hostico
1532 537 1644 580 expe
1655 525 1734 566 rte·

1094 597 1285 652 Agme'na
1313 605 1496 651 campos

1095 663 1302 721 Cognata
1333 668 1500 705 tenent.

136 758 267 809 Quae
292 758 347 801 ab
374 756 492 801 omni
519 755 816 815 explicatione
843 762 889 799 et
913 753 1279 813 interpretatione
1305 761 1408 797 sunt
1435 749 1631 805 exclusa,
1659 765 1927 810 quamquam
1952 764 2039 794 non
2068 749 2199 795 ueriti
2224 758 2328 796 sunt
2353 748 2526 803 doctis·

134 827 230 871 simi
264 826 344 869 uiri
377 825 677 886 grammaticis
703 824 944 868 rationibus
980 838 1033 867 ea
1069 822 1276 882 probare.
1350 821 1531 866 interim
1567 835 1655 864 non
1681 818 1928 864 cohaerere
1954 820 2038 864 ista
2062 818 2144 864 sed
2170 834 2317 865 nouae
2339 827 2527 867 aenton-

132 895 223 941 tiae
248 894 414 940 initium
442 910 540 939 esse
566 894 621 937 ab
648 895 853 952 Agmina,
891 905 916 936 a
943 907 1033 950 quo
1062 893 1199 936 uerbo
1227 906 1394 935 nouum
1420 889 1572 949 incipit
1597 897 1802 943 metrum,
1830 904 2009 949 semper
2033 887 2319 934 contendam.

278 996 515 1041 Clauditur
541 995 780 1054 descriptio
807 994 879 1038 illa
905 992 974 1038 his
1000 994 1227 1039 uersibus:

682 1087 785 1131 Hac
811 1085 1034 1131 transierit
1178 1085 1322 1130 Ciuile
1347 1084 1487 1130 nefas.
1630 1083 1710 1129 lile
1736 1083 1996 1130 Herculeae

687 1155 852 1200 Norint
878 1155 1064 1200 Thebae
1175 1154 1354 1200 Proelia
1380 1154 1580 1199 fratrum.

135 1269 307 1320 „atque
341 1261 505 1305 utinam
541 1258 612 1304 hic
644 1260 742 1303 finis
768 1260 824 1303 sit
847 1259 1065 1304 intestinis
1100 1268 1145 1303 et
1181 1258 1384 1303 ciuilibus
1422 1256 1745 1302 Thebanorum
1783 1255 1954 1301 bellis“
1991 1256 2240 1301 Farnabius
2284 1255 2370 1316 (cf.
2407 1256 2527 1317 why.

137 1332 262 1374 510:
311 1328 526 1388 quicquid
559 1329 723 1373 irarum
760 1327 840 1373 tuit
873 1328 1133 1372 Transierit.
1180 1343 1233 1372 ex
1273 1328 1358 1371 lioc
1393 1326 1577 1386 sanguis
1612 1334 1657 1370 et
1690 1326 1831 1385 pietas
1868 1324 1940 1370 die
1974 1325 2178 1371 Colatur.
2227 1325 2382 1372 animis
2418 1325 2527 1372 odia

136 1397 346 1444 damnata
381 1397 601 1442 excidant.
684 1397 797 1456 Thy.
839 1399 960 1441 744:
1011 1397 1225 1441 hactenus
1264 1396 1391 1441 sistat
1426 1395 1595 1453 nefas.)
1668 1395 1779 1446 Quia
1822 1410 1907 1439 non
1943 1393 2070 1439 uidet
2103 1394 2219 1439 hunc
2251 1395 2386 1440 finem
2424 1409 2528 1441 ess·

135 1470 275 1512 totius
301 1467 534 1512 carminis?
570 1465 675 1525 quid
700 1474 882 1525 praeter
908 1481 961 1509 ea
988 1465 1227 1510 dicendum
1253 1465 1450 1510 restabat
1476 1464 1614 1508 choro
1638 1463 1989 1509 Thebanorum?
2026 1471 2174 1509 tamen
2202 1466 2267 1509 26
2294 1463 2528 1525 anapaesti

135 1537 282 1581 statim
317 1535 543 1580 adduntur
578 1535 737 1594 quibua
777 1537 975 1579 Actaeon
1007 1550 1032 1579 a
1058 1535 1205 1579 Diana
1241 1536 1420 1594 punitus
1459 1533 1723 1579 ostenditur.
1799 1532 1892 1577 Sed
1927 1535 2128 1578 Actaeon
2162 1533 2205 1578 in
2240 1541 2338 1579 tota
2371 1532 2527 1579 fabula

134 1621 194 1651 ue
219 1605 355 1650 semel
382 1604 559 1663 quidem
588 1612 970 1651 commemoratur.
1006 1606 1197 1663 Spar-tos
1211 1605 1359 1648 Creon
1390 1603 1564 1648 uiderat
1589 1604 1630 1648 in
1643 1604 1839 1647 Tartaro
1866 1603 1937 1662 (u.
1955 1603 2098 1661 586),
2123 1602 2302 1648 uiderat:
2325 1603 2528 1660 Postea,

137 1674 327 1718 Zethum
355 1674 510 1732 (609)
545 1672 833 1731 Amphionem
860 1673 1016 1733 (612)
1055 1674 1231 1718 Nioben
1261 1673 1416 1732 (613)
1453 1675 1642 1732 Agauen
1669 1687 1767 1716 cum
1794 1672 1997 1716 Pentheo
2026 1671 2181 1732 (616)
2210 1672 2371 1716 Laium
2398 1671 2524 1718 deni—

137 1758 249 1803 que:
285 1742 342 1787 de
370 1747 597 1787 Actaeone
622 1742 741 1787 nihii.
782 1751 827 1786 et
859 1742 964 1800 quid
990 1742 1062 1786 ille
1090 1742 1146 1786 ad
1175 1742 1361 1787 deorum
1387 1742 1474 1785 iras
1502 1741 1605 1786 inde
1631 1757 1655 1785 a
1683 1741 1839 1785 Cadmi
1865 1741 2063 1785 aduentu
2089 1740 2410 1786 Thebanorum
2435 1749 2528 1786 ter-

137 1827 230 1857 ram
266 1819 501 1872 petentes?
554 1827 641 1856 non
675 1811 862 1855 deorum
897 1812 960 1855 ira
996 1811 1080 1862 illa,
1124 1812 1204 1855 sed
1239 1811 1373 1856 modo
1410 1818 1606 1855 tentatus
1642 1810 1813 1855 Dianae
1857 1810 2005 1870 pudor
2041 1811 2353 1855 acerbissimae
2388 1811 2523 1855 sortis

137 1892 234 1926 erat
269 1896 419 1925 causa.
497 1879 619 1939 quod
652 1890 789 1940 poeta
820 1880 965 1940 palam
999 1882 1239 1940 profitetur
1276 1897 1317 1925 u.
1348 1883 1443 1924 760
1470 1896 1538 1939 sq.
1584 1880 1691 1935 „ubi
1730 1880 1958 1940 uirgineos
1989 1880 2165 1924 fouerat
2190 1888 2313 1924 artus
2338 1882 2523 1925 ns‘nu‘un

138 1954 268 1995 soene·
299 1949 402 1994 diua
426 1952 654 2009 pudore's.“
728 1951 880 1999 Quare
908 1950 1176 1994 Farnabium
1205 1949 1369 2010 (‚‚diua
1395 1949 1578 2008 pudoris
1603 1949 1670 1993 sui
1697 1948 1822 1993 nimis
1848 1964 1987 1994 saeua
2012 1947 2203 1993 uindex:
2246 1962 2364 2008 quae
2388 1963 2531 2008 quum

139 2026 334 2065 erratum
359 2028 445 2064 tam
472 2019 717 2064 crudeliter
742 2019 831 2063 ulta
858 2020 927 2071 sit,
953 2035 1118 2077 graues
1143 2020 1185 2064 in
1198 2019 1440 2063 Thebanos
1466 2019 1554 2063 iras
1581 2018 1771 2064 deorum
1797 2019 2004 2078 arguit“)
2030 2026 2155 2063 recte
2180 2017 2359 2078 quidem
2378 2017 2530 2078 repel-

139 2088 187 2133 lit
207 2087 368 2133 Editor
389 2089 694 2133 Lemairianus
719 2090 878 2147 (‚‚apte
905 2087 1084 2146 quidem
1120 2087 1245 2149 (ille)
1272 2087 1330 2132 ad
1356 2089 1492 2133 totius
1519 2103 1712 2132 scaenae
1737 2102 1931 2142 sensum,
1965 2087 2045 2131 sed
2073 2093 2122 2132 ut
2147 2102 2308 2132 uersus
2333 2087 2531 2146 ponitur,

142 2157 306 2202 debent
334 2172 387 2202 ea
412 2159 453 2203 ni
481 2158 670 2202 fallimur
697 2156 753 2201 de
777 2158 1014 2201 Actaeonis
1040 2157 1177 2201 solius
1205 2173 1350 2215 poena
1385 2157 1641 2217 intelligi⁶·),
1670 2172 1823 2201 uerum
1852 2172 1939 2200 non
1967 2156 2077 2201 uidit
2102 2156 2207 2216 quid
2232 2154 2338 2200 inde
2364 2171 2530 2217 seque·

140 2235 280 2272 retur.
319 2225 649 2272 remouenda
676 2227 790 2270 enim
816 2242 870 2270 ex
898 2226 982 2270 hoc
1009 2227 1183 2271 cantico
1213 2235 1279 2271 est
1300 2235 1394 2271 tota
1418 2226 1475 2270 de
1495 2229 1782 2271 Actaeone
1809 2226 2075 2270 narratio.
2117 2227 2336 2286 Superest
2358 2231 2527 2281 autem,

142 2305 191 2340 ut
217 2304 262 2340 et
287 2296 514 2354 quomodo
541 2296 628 2341 huc
653 2296 912 2355 peruenerit
937 2303 980 2339 et
1006 2297 1040 2339 si
1068 2297 1165 2339 fieri
1190 2302 1341 2355 potest
1368 2295 1487 2340 unde
1512 2297 1569 2340 sit
1593 2295 1815 2348 translata,
1844 2295 2147 2340 ostendamus.
2198 2295 2328 2345 Quae
2353 2294 2396 2340 in
2423 2309 2529 2340 can·

145 2365 242 2409 ticis
269 2373 512 2410 tractantur
540 2381 676 2425 saepe
701 2367 743 2409 in
770 2366 942 2409 scaenis
970 2365 1130 2424 quibus
1157 2373 1260 2409 sunt
1283 2365 1485 2410 subiecta
1517 2380 1541 2409 a
1568 2365 1769 2424 personis
1796 2366 1879 2409 iam
1905 2371 2008 2409 sunt
2031 2363 2242 2409 indicata.
2301 2363 2465 2424 Itaque
2488 2362 2528 2409 si

142 2434 382 2479 Actaeonis
420 2434 687 2479 mentionem
724 2435 818 2479 lieri
854 2434 1079 2493 aliquanto
1117 2435 1375 2494 grauiorem
1410 2434 1571 2478 alicubi
1607 2435 1928 2488 inuenerimus‚
1972 2433 2077 2479 illuc
2112 2433 2259 2493 potius
2294 2434 2538 2494 pertinere·

142 2518 276 2563 quam
301 2502 389 2548 buc
414 2503 639 2549 credenda
666 2505 750 2548 erit
774 2503 886 2549 haec
912 2503 1113 2548 carminis
1136 2519 1254 2563 pars.
1329 2504 1451 2548 Dicit
1476 2512 1624 2549 autem
1652 2503 1859 2563 Oedipus
1886 2503 2056 2548 Phoen.
2085 2518 2128 2550 u.
2162 2505 2250 2547 12:

827 2608 907 2652 lbo
933 2607 1006 2651 ibo
1035 2622 1122 2665 qua
1148 2615 1415 2668 praeruptus
1442 2607 1671 2667 protendit
1695 2608 1804 2668 iuga

825 2677 955 2721 Meus
984 2676 1248 2721 Cithaeron:
1287 2693 1373 2737 qua
1400 2685 1643 2738 peragrato
1671 2676 1793 2722 celer

828 2761 909 2804 per
934 2761 1038 2790 saxa
1066 2755 1218 2791 monte
1243 2747 1381 2790 iacuit
1406 2749 1602 2791 Actaeon
1629 2746 1721 2791 auis

824 2829 944 2859 noua
970 2814 1136 2874 praeda
1162 2815 1362 2860 canibus.

147 2914 336 2960 Penthei
362 2925 460 2974 post
485 2916 603 2960 illum
630 2915 768 2961 refert
792 2926 995 2971 mortem,
1024 2918 1155 2962 Zethi
1180 2920 1436 2973 iuuencum,
1460 2918 1560 2974 Ino,
1595 2918 1732 2978 ipsius
1759 2916 1952 2976 denique
1977 2915 2316 2975 expositionem.
2361 2913 2538 2961 Redit·-

147 2999 239 3043 que
264 2983 322 3030 ad
349 2983 663 3030 Cithaeronem
689 2986 810 3047 regis
836 2987 1065 3031 miserrimi
1092 3002 1238 3032 mens:

828 3077 905 3123 illo
931 3086 1049 3123 teate
1075 3078 1305 3125 damnauit
1325 3093 1490 3139 parens

827 3147 1065 3206 calidoque
1092 3155 1274 3194 teneros
1300 3147 1487 3194 transuit
1510 3146 1631 3192 ferro
1657 3146 1799 3207 pedes
