2690 3536
1299 86 1361 129 29

963 249 1057 292 857
1135 247 1233 304 quis
1260 246 1415 289 credat
1439 245 1643 289 exulem?

967 317 1063 359 865
1138 316 1439 372 Grangeticum
1466 329 1635 357 nemus.

966 386 1061 427 878
1135 383 1236 426 Dux
1266 383 1406 426 noctis
1434 385 1682 441 Hesperus.

146 479 215 523 lta
263 477 376 520 euim
424 473 617 532 Rehdig.
664 476 734 516 10
790 478 838 517 ll
911 475 1081 518 Vratisl.
1134 475 1204 518 alii
1250 474 1332 523 (ad
1376 490 1418 516 u.
1458 475 1554 517 865
1611 474 1811 525 „vocula
1853 477 1918 516 sic
1968 473 2118 516 exulat
2161 471 2331 530 aliquot
2373 473 2519 516 Pall.“

147 546 414 603 Gruterus).
471 563 474 567 ·

291 639 395 680 Hoc
420 645 568 678 autem
595 636 772 694 graecis
799 635 974 693 legibus
1001 636 1272 691 auribusque
1298 648 1547 691 congruum
1575 648 1674 675 esse
1701 648 1787 674 non
1825 633 2151 681 contenderim,
2194 647 2362 692 graeca
2401 641 2523 676 certe

154 705 356 764 exempla
394 704 714 747 desideramus.
788 703 868 747 sed
904 705 1033 746 etiam
1071 704 1202 746 latina
1225 703 1273 751 ¹),
1309 717 1443 760 quare
1470 701 1752 744 excusandus
1779 701 1959 745 Delrius
1997 702 2071 758 qui
2108 701 2195 744 sic:
2247 702 2522 758 „Hesperus

155 774 277 834 quod
305 773 584 817 Bernardino
621 773 783 829 placuit
821 787 996 814 uersum
1036 772 1139 814 facit
1173 771 1469 814 claudicare.‘·
1543 770 1634 813 Sed
1671 770 1742 812 diu
1778 777 1879 812 ante
1907 770 2227 812 Leodicensem
2261 769 2523 812 monachum

157 843 279 902 quod
305 842 567 885 Bernardini
595 851 716 883 aetas
752 840 971 889 ostendit,
1026 840 1265 883 emendare
1302 849 1402 882 sunt
1439 840 1585 882 conati
1617 854 1731 897 quae
1760 837 1975 881 mendosa
2003 838 2271 881 uidebantur
2311 847 2446 895 atque
2472 853 2526 882 ea

155 912 242 956 iam
270 920 452 969 recepta
479 910 688 968 leguntur
714 910 754 952 in
778 909 1020 952 Basileensi
1048 909 1246 952 editione
1273 924 1309 951 a.
1339 908 1467 950 MDL
1494 910 1614 961 (857
1648 907 1897 950 exulantem
1974 908 2070 950 865
2100 922 2252 950 nemus
2280 906 2367 966 sic)
2396 922 2525 964 prae-

158 989 228 1025 ter
262 997 303 1023 u.
332 981 430 1023 878
465 980 808 1036 (Hesperugo).
885 979 1014 1026 Quae
1059 994 1142 1020 non
1189 993 1301 1035 opus
1339 978 1422 1019 erit
1459 976 1668 1027 refutare,
1709 991 1843 1032 quum
1879 985 2059 1033 praeter
2092 980 2157 1018 sic
2196 975 2400 1018 uoculam
2437 991 2525 1032 qua

161 1065 205 1093 u.
240 1050 337 1092 865
376 1054 729 1105 conspurcarunt
762 1047 1011 1098 (Gruterus
1049 1055 1195 1089 autem
1231 1050 1275 1088 se·
1313 1045 1512 1103 scripsit)
1551 1044 1810 1087 sententiam
1845 1045 1981 1102 ipsam
2016 1045 2221 1088 intactam
2259 1044 2522 1101 relinquant.

159 1116 265 1161 Hac
307 1124 453 1159 autem
498 1114 654 1157 uocula
690 1114 839 1157 addita
877 1130 991 1172 quae
1023 1114 1124 1157 nihil
1158 1115 1272 1156 inter
1309 1129 1356 1156 se
1392 1129 1623 1156 commune
1657 1112 1822 1155 habent
1856 1113 2199 1172 coniunguntur.
2285 1128 2371 1155 non
2410 1113 2522 1156 enim

160 1184 359 1228 dicturus
393 1191 490 1226 erat
513 1193 670 1241 poeta:
721 1184 815 1236 „Ut
840 1184 965 1242 tigris
992 1198 1124 1226 cursu
1150 1182 1326 1225 furente
1353 1197 1505 1224 nemus
1530 1182 1705 1235 lustrat,
1738 1182 1801 1224 sic
1829 1181 1990 1224 Medea
2015 1182 2101 1225 iras
2127 1181 2303 1225 frenare
2330 1182 2525 1234 nescit‚“

150 1253 232 1298 sed
258 1253 407 1311 potius
443 1253 581 1305 „Huc
606 1251 692 1295 sert
716 1251 857 1310 pedes
885 1260 929 1294 et
955 1251 1055 1294 illuc
1082 1260 1127 1294 ut
1152 1252 1323 1310 tigris.“
1397 1251 1526 1293 Haec
1551 1251 1688 1309 igitur
1714 1266 1843 1292 unam
1872 1250 2134 1294 sententiam
2162 1250 2363 1293 efficiunt
2387 1258 2523 1308 atque

149 1319 236 1366 una
264 1321 450 1380 periodo
480 1321 737 1378 complexus
765 1330 832 1363 est
858 1330 1012 1378 poeta:
1062 1322 1168 1363 Huc
1193 1320 1281 1364 fert
1308 1346 1370 1352 —
1399 1335 1577 1370 nemus;
1620 1319 1820 1376 sequitur
1846 1319 1929 1361 alia
1956 1319 2191 1377 periodus:
2231 1319 2431 1362 Frenare
2457 1345 2523 1351 —

149 1389 379 1448 sequetur.
466 1399 600 1446 atque
644 1388 855 1446 periodos
901 1391 1003 1432 istas
1042 1391 1145 1431 satis
1184 1389 1411 1431 distinctas
1448 1396 1491 1430 et
1526 1396 1751 1446 separatas
1787 1387 2004 1430 uidemus.
2092 1403 2275 1444 quarum
2311 1388 2421 1430 haec
2457 1396 2525 1430 est

149 1459 303 1518 imago
318 1477 328 1500 :

1082 1551 1109 1577 ›
1274 1540 1301 1579 4
1325 1540 1405 1597 4st
1552 1540 1578 1579 4
1605 1540 1652 1597 5⁸

1034 1602 1101 1670 ἶ
1279 1600 1387 1671 Ἶῗ
1557 1607 1641 1669 ἶ

152 1738 244 1774 tres
277 1740 379 1774 sunt
403 1730 592 1772 maiores
620 1738 767 1787 partes
803 1745 986 1787 quarum
1013 1730 1150 1787 prima
1177 1739 1221 1772 et
1248 1731 1378 1773 tertia
1405 1731 1611 1773 breuiore
1641 1731 1862 1773 uersiculo
1900 1731 2108 1774 finiuntur
2141 1730 2213 1787 qui
2249 1731 2378 1772 etiam
2415 1731 2523 1773 alte-

152 1799 244 1842 rius
270 1800 405 1857 partis
432 1798 635 1841 Medeam
661 1799 816 1840 iratam
846 1797 1136 1841 describentis
1163 1798 1350 1841 mediam
1378 1798 1610 1857 periodum
1638 1800 1743 1842 finit.

1266 2335 1408 2387 VI.

294 2461 502 2504 Breuiter
535 2470 700 2503 tantum
734 2460 939 2502 indicabo
978 2468 1127 2503 cetera
1162 2475 1278 2517 quae
1314 2460 1354 2502 in
1391 2460 1453 2502 his
1480 2459 1725 2518 tragoediis
1751 2461 2034 2504 inueniuntur
2060 2470 2300 2505 metrorum
2327 2478 2522 2522 genera:

293 2553 314 2596 l
393 2553 631 2595 Trocleot'ci
652 2556 901 2593 tetrameiri
923 2551 1006 2608 (de
1032 2552 1191 2608 quibus
1220 2551 1307 2593 uid.
1335 2552 1390 2593 Β.
1414 2551 1642 2594 Schmidtii
1670 2551 1767 2594 diss.
1796 2568 1835 2609 p.
1855 2554 1915 2594 57
1947 2563 1989 2595 et
2016 2569 2130 2610 quae
2158 2553 2265 2596 dixit
2291 2555 2331 2596 in
2359 2555 2415 2596 Μ.
2440 2554 2522 2596 Rh.

160 2622 290 2665 1862
317 2637 358 2679 p.
388 2622 485 2663 596
512 2620 639 2678 adn.)
677 2619 867 2663 Phaedr.
903 2621 1164 2662 1202—12
1195 2619 1413 2676 (Thesei)
1441 2619 1557 2662 Oed.
1589 2621 1822 2662 922—32
1850 2622 2111 2679 (Creontis)
2139 2622 2256 2666 Med.
2287 2624 2517 2664 740—51

157 2689 418 2747 (Medeae).
494 2689 736 2746 imparibus
764 2689 941 2730 sedibus
969 2688 1088 2730 solus
1116 2688 1358 2730 tribrachus
1385 2696 1564 2745 praeter
1589 2688 1845 2731 trochaeum
1873 2689 1997 2747 (nam
2025 2691 2140 2733 Med.
2172 2692 2264 2733 743
2294 2691 2524 2748 suppliciis

155 2759 297 2801 tribus
333 2757 512 2815 syllabis
549 2757 970 2815 pronunciandum).
1046 2757 1210 2799 Thesei
1245 2771 1418 2799 carmen
1453 2773 1475 2798 a
1506 2756 1692 2799 Medeae
1728 2766 1772 2799 et
1798 2759 2003 2801 Creontis
2040 2760 2079 2801 in
2119 2775 2172 2801 eo
2201 2758 2389 2801 discedit
2426 2766 2475 2801 ut
2498 2774 2524 2800 a

157 2827 293 2883 prima
327 2826 437 2869 sede
475 2826 680 2869 exclusus
718 2828 774 2868 sit
807 2826 1052 2868 tribrachus
1092 2827 1162 2881 qui
1211 2827 1342 2869 tertio
1388 2836 1431 2867 et
1470 2826 1622 2882 quinto
1667 2825 1766 2868 loco
1813 2836 1879 2869 est
1922 2827 2195 2884 frequentior
2240 2828 2396 2883 (tertio
2441 2827 2521 2880 bis,

284 3002 319 3057 ¹)
349 3012 489 3053 praeter
509 3007 649 3043 Luxorii
682 3018 819 3042 carmen
850 3008 1037 3042 obscurum
1070 3012 1173 3052 atque
1195 3011 1394 3054 corruptum
1416 3018 1472 3053 ap.
1490 3007 1612 3051 Meyer
1633 3007 1739 3041 Anth.
1768 3018 1804 3042 n.
1826 3004 1928 3042 309:
1961 3008 2048 3043 Raro
2080 3009 2211 3044 decens
2233 3009 2359 3055 capillo
2381 3010 2522 3045 noseo-

157 3075 227 3110 que
257 3063 354 3098 crine
385 3063 543 3109 ephebus
563 3063 681 3110 Spado
702 3063 823 3109 regius
840 3059 894 3112 (2²)
922 3062 1085 3098 mitellam
1121 3057 1279 3111 Capitis
1307 3060 1399 3098 uelo
1430 3061 1556 3111 capIt.
1619 3062 1775 3105 Quatuor
1804 3068 1916 3098 autem
1947 3064 2005 3109 qui
2036 3065 2125 3100 hanc
2155 3067 2330 3113 stropham
2358 3076 2519 3112 sequun-

157 3124 214 3156 tur
241 3118 479 3155 anacreontici
509 3119 602 3165 pleni
632 3123 723 3155 sunt.
