<?xml version="1.0" encoding="UTF-8"?>
<!DOCTYPE html PUBLIC "-//W3C//DTD XHTML 1.0 Transitional//EN"
    "http://www.w3.org/TR/xhtml1/DTD/xhtml1-transitional.dtd">
<html xmlns="http://www.w3.org/1999/xhtml" xml:lang="en" lang="en">
 <head>
  <title>
</title>
<meta http-equiv="Content-Type" content="text/html;charset=utf-8" />
  <meta name='ocr-system' content='tesseract 3.04.00' />
  <meta name='ocr-capabilities' content='ocr_page ocr_carea ocr_par ocr_line ocrx_word'/>
</head>
<body>
  <div class='ocr_page' id='page_1' title='image "./observatoruminse00peipuoft_0039.png"; bbox 0 0 2690 3536; ppageno 0'>
   <div class='ocr_carea' id='block_1_1' title="bbox 1296 87 1361 139">
    <p class='ocr_par' dir='ltr' id='par_1_1' title="bbox 1296 87 1361 139">
     <span class='ocr_line' id='line_1_1' title="bbox 1296 87 1361 139; baseline 0.015 -1"><span class='ocrx_word' id='word_1_1' title='bbox 1296 87 1361 139; x_wconf 74' lang='lat'><strong>33</strong></span> 
     </span>
    </p>
   </div>
   <div class='ocr_carea' id='block_1_2' title="bbox 135 242 2519 945">
    <p class='ocr_par' dir='ltr' id='par_1_2' title="bbox 135 242 2519 636">
     <span class='ocr_line' id='line_1_2' title="bbox 135 242 2517 309; baseline 0.001 -16"><span class='ocrx_word' id='word_1_2' title='bbox 135 249 225 309; x_wconf 86' lang='lat' dir='ltr'><strong>ipsi</strong></span> <span class='ocrx_word' id='word_1_3' title='bbox 249 247 477 307; x_wconf 76' lang='lat' dir='ltr'><strong>superstiti</strong></span> <span class='ocrx_word' id='word_1_4' title='bbox 501 261 597 290; x_wconf 90' lang='lat' dir='ltr'><strong>sors</strong></span> <span class='ocrx_word' id='word_1_5' title='bbox 622 246 771 300; x_wconf 87' lang='lat' dir='ltr'><strong>instat,</strong></span> <span class='ocrx_word' id='word_1_6' title='bbox 814 245 972 290; x_wconf 87' lang='lat' dir='ltr'><strong>bellica</strong></span> <span class='ocrx_word' id='word_1_7' title='bbox 1000 245 1169 304; x_wconf 88' lang='lat' dir='ltr'><strong>praeda</strong></span> <span class='ocrx_word' id='word_1_8' title='bbox 1192 246 1237 290; x_wconf 92' lang='lat' dir='ltr'><strong>in</strong></span> <span class='ocrx_word' id='word_1_9' title='bbox 1262 246 1481 306; x_wconf 85' lang='lat' dir='ltr'><strong>triumpho</strong></span> <span class='ocrx_word' id='word_1_10' title='bbox 1510 247 1701 292; x_wconf 77' lang='lat' dir='ltr'><strong>ducetur</strong></span> <span class='ocrx_word' id='word_1_11' title='bbox 1727 242 1944 306; x_wconf 42' lang='lat' dir='ltr'><strong>Mycenis,⁷</strong></span> <span class='ocrx_word' id='word_1_12' title='bbox 1983 247 2191 292; x_wconf 90' lang='lat' dir='ltr'><strong>mulieres</strong></span> <span class='ocrx_word' id='word_1_13' title='bbox 2217 248 2339 293; x_wconf 88' lang='lat' dir='ltr'><strong>chori</strong></span> <span class='ocrx_word' id='word_1_14' title='bbox 2364 256 2517 308; x_wconf 82' lang='lat' dir='ltr'><strong>partes</strong></span> 
     </span>
     <span class='ocr_line' id='line_1_3' title="bbox 139 314 2519 376; baseline 0 -14"><span class='ocrx_word' id='word_1_15' title='bbox 139 325 319 363; x_wconf 83' lang='lat' dir='ltr'><strong>tuentes</strong></span> <span class='ocrx_word' id='word_1_16' title='bbox 352 341 417 350; x_wconf 91' lang='lat'><strong>—-</strong></span> <span class='ocrx_word' id='word_1_17' title='bbox 453 331 586 374; x_wconf 86' lang='lat' dir='ltr'><strong>quem</strong></span> <span class='ocrx_word' id='word_1_18' title='bbox 619 314 882 374; x_wconf 89' lang='lat' dir='ltr'><strong>plerumque</strong></span> <span class='ocrx_word' id='word_1_19' title='bbox 915 324 1077 372; x_wconf 89' lang='lat' dir='ltr'><strong>poetae</strong></span> <span class='ocrx_word' id='word_1_20' title='bbox 1111 322 1303 359; x_wconf 83' lang='lat' dir='ltr'>mentem</span> <span class='ocrx_word' id='word_1_21' title='bbox 1337 331 1598 375; x_wconf 82' lang='lat' dir='ltr'><strong>expromere</strong></span> <span class='ocrx_word' id='word_1_22' title='bbox 1633 317 1673 360; x_wconf 87' lang='lat' dir='ltr'><strong>in</strong></span> <span class='ocrx_word' id='word_1_23' title='bbox 1710 316 1775 360; x_wconf 89' lang='lat' dir='ltr'><strong>his</strong></span> <span class='ocrx_word' id='word_1_24' title='bbox 1813 315 2058 376; x_wconf 88' lang='lat' dir='ltr'><strong>tragoediis</strong></span> <span class='ocrx_word' id='word_1_25' title='bbox 2085 317 2423 362; x_wconf 90' lang='lat' dir='ltr'><strong>obseruauimus</strong></span> <span class='ocrx_word' id='word_1_26' title='bbox 2449 345 2519 354; x_wconf 89' lang='lat'><strong>—</strong></span> 
     </span>
     <span class='ocr_line' id='line_1_4' title="bbox 139 382 2517 444; baseline 0 -14"><span class='ocrx_word' id='word_1_27' title='bbox 139 386 390 430; x_wconf 87' lang='lat' dir='ltr'><strong>libertatem</strong></span> <span class='ocrx_word' id='word_1_28' title='bbox 416 384 590 442; x_wconf 85' lang='lat' dir='ltr'><strong>qualem</strong></span> <span class='ocrx_word' id='word_1_29' title='bbox 616 383 756 427; x_wconf 91' lang='lat' dir='ltr'><strong>Stoici</strong></span> <span class='ocrx_word' id='word_1_30' title='bbox 786 383 1001 441; x_wconf 87' lang='lat' dir='ltr'><strong>putabant</strong></span> <span class='ocrx_word' id='word_1_31' title='bbox 1026 382 1145 441; x_wconf 88' lang='lat' dir='ltr'><strong>apud</strong></span> <span class='ocrx_word' id='word_1_32' title='bbox 1171 383 1336 427; x_wconf 83' lang='lat' dir='ltr'><strong>inferos</strong></span> <span class='ocrx_word' id='word_1_33' title='bbox 1363 393 1613 428; x_wconf 87' lang='lat' dir='ltr'><strong>assecutum</strong></span> <span class='ocrx_word' id='word_1_34' title='bbox 1641 401 1740 429; x_wconf 90' lang='lat' dir='ltr'><strong>esse</strong></span> <span class='ocrx_word' id='word_1_35' title='bbox 1766 393 1936 443; x_wconf 88' lang='lat' dir='ltr'><strong>patrem</strong></span> <span class='ocrx_word' id='word_1_36' title='bbox 1961 384 2272 444; x_wconf 79' lang='lat' dir='ltr'><strong>praedicantes</strong></span> <span class='ocrx_word' id='word_1_37' title='bbox 2298 388 2517 431; x_wconf 90' lang='lat' dir='ltr'><strong>sententia</strong></span> 
     </span>
     <span class='ocr_line' id='line_1_5' title="bbox 140 451 2517 514; baseline 0 -16"><span class='ocrx_word' id='word_1_38' title='bbox 140 469 260 514; x_wconf 88' lang='lat' dir='ltr'><strong>quae</strong></span> <span class='ocrx_word' id='word_1_39' title='bbox 285 453 472 498; x_wconf 79' lang='lat' dir='ltr'><strong>maxime</strong></span> <span class='ocrx_word' id='word_1_40' title='bbox 497 452 703 511; x_wconf 82' lang='lat' dir='ltr'><strong>placebat</strong></span> <span class='ocrx_word' id='word_1_41' title='bbox 727 451 931 495; x_wconf 82' lang='lat' dir='ltr'><strong>Senecae</strong></span> <span class='ocrx_word' id='word_1_42' title='bbox 957 451 1172 495; x_wconf 90' lang='lat' dir='ltr'><strong>claudunt</strong></span> <span class='ocrx_word' id='word_1_43' title='bbox 1196 467 1372 496; x_wconf 90' lang='lat' dir='ltr'><strong>carmen</strong></span> <span class='ocrx_word' id='word_1_44' title='bbox 1399 452 1508 497; x_wconf 90' lang='lat' dir='ltr'><strong>hac:</strong></span> <span class='ocrx_word' id='word_1_45' title='bbox 1554 453 1718 508; x_wconf 81' lang='lat' dir='ltr'><strong>„Felix</strong></span> <span class='ocrx_word' id='word_1_46' title='bbox 1754 453 1949 511; x_wconf 89' lang='lat' dir='ltr'><strong>quisquis</strong></span> <span class='ocrx_word' id='word_1_47' title='bbox 1974 453 2103 498; x_wconf 90' lang='lat' dir='ltr'><strong>Bello</strong></span> <span class='ocrx_word' id='word_1_48' title='bbox 2139 454 2330 498; x_wconf 90' lang='lat' dir='ltr'><strong>moriens</strong></span> <span class='ocrx_word' id='word_1_49' title='bbox 2355 456 2517 499; x_wconf 87' lang='lat' dir='ltr'><strong>Omnia</strong></span> 
     </span>
     <span class='ocr_line' id='line_1_6' title="bbox 139 519 2516 580; baseline 0 -13"><span class='ocrx_word' id='word_1_50' title='bbox 139 537 295 568; x_wconf 83' lang='lat' dir='ltr'><strong>secum</strong></span> <span class='ocrx_word' id='word_1_51' title='bbox 330 523 606 580; x_wconf 88' lang='lat' dir='ltr'><strong>Consumpta</strong></span> <span class='ocrx_word' id='word_1_52' title='bbox 641 519 810 565; x_wconf 87' lang='lat' dir='ltr'><strong>uidet.“</strong></span> <span class='ocrx_word' id='word_1_53' title='bbox 889 519 981 564; x_wconf 89' lang='lat' dir='ltr'><strong>Sed</strong></span> <span class='ocrx_word' id='word_1_54' title='bbox 1019 521 1174 564; x_wconf 90' lang='lat' dir='ltr'><strong>mirum</strong></span> <span class='ocrx_word' id='word_1_55' title='bbox 1210 520 1334 579; x_wconf 89' lang='lat' dir='ltr'><strong>quod</strong></span> <span class='ocrx_word' id='word_1_56' title='bbox 1367 536 1455 565; x_wconf 88' lang='lat' dir='ltr'><strong>non</strong></span> <span class='ocrx_word' id='word_1_57' title='bbox 1489 522 1530 564; x_wconf 92' lang='lat' dir='ltr'><strong>in</strong></span> <span class='ocrx_word' id='word_1_58' title='bbox 1558 522 1777 565; x_wconf 85' lang='lat' dir='ltr'><strong>Hecubae</strong></span> <span class='ocrx_word' id='word_1_59' title='bbox 1804 522 1948 565; x_wconf 85' lang='lat' dir='ltr'><strong>uerbis</strong></span> <span class='ocrx_word' id='word_1_60' title='bbox 1976 521 2330 567; x_wconf 90' lang='lat' dir='ltr'><strong>animaduersum</strong></span> <span class='ocrx_word' id='word_1_61' title='bbox 2357 531 2424 567; x_wconf 87' lang='lat' dir='ltr'><strong>est</strong></span> <span class='ocrx_word' id='word_1_62' title='bbox 2447 524 2516 568; x_wconf 90' lang='lat' dir='ltr'><strong>bis</strong></span> 
     </span>
     <span class='ocr_line' id='line_1_7' title="bbox 139 590 404 636; baseline -0.004 0"><span class='ocrx_word' id='word_1_63' title='bbox 139 590 260 636; x_wconf 83' lang='lat' dir='ltr'><strong>idem</strong></span> <span class='ocrx_word' id='word_1_64' title='bbox 296 590 404 635; x_wconf 86' lang='lat' dir='ltr'><strong>dici:</strong></span> 
     </span>
    </p>

    <p class='ocr_par' dir='ltr' id='par_1_3' title="bbox 822 679 1850 740">
     <span class='ocr_line' id='line_1_8' title="bbox 822 679 1850 740; baseline -0.002 -16"><span class='ocrx_word' id='word_1_65' title='bbox 822 681 920 724; x_wconf 88' lang='lat' dir='ltr'><strong>Nec</strong></span> <span class='ocrx_word' id='word_1_66' title='bbox 945 679 1061 723; x_wconf 84' lang='lat' dir='ltr'><strong>feret</strong></span> <span class='ocrx_word' id='word_1_67' title='bbox 1085 695 1278 737; x_wconf 87' lang='lat' dir='ltr'><strong>unquam</strong></span> <span class='ocrx_word' id='word_1_68' title='bbox 1390 682 1485 725; x_wconf 87' lang='lat'><strong>150</strong></span> <span class='ocrx_word' id='word_1_69' title='bbox 1523 681 1626 725; x_wconf 87' lang='lat' dir='ltr'><strong>Non</strong></span> <span class='ocrx_word' id='word_1_70' title='bbox 1654 680 1850 740; x_wconf 80' lang='lat' dir='ltr'><strong>Argolici</strong></span> 
     </span>
    </p>

    <p class='ocr_par' dir='ltr' id='par_1_4' title="bbox 693 748 1930 945">
     <span class='ocr_line' id='line_1_9' title="bbox 693 748 1930 807; baseline -0.002 -14"><span class='ocrx_word' id='word_1_71' title='bbox 693 750 785 793; x_wconf 91' lang='grc'><strong>147</strong></span> <span class='ocrx_word' id='word_1_72' title='bbox 826 748 956 793; x_wconf 89' lang='lat' dir='ltr'><strong>Victa</strong></span> <span class='ocrx_word' id='word_1_73' title='bbox 982 748 1167 791; x_wconf 87' lang='lat' dir='ltr'><strong>Graium</strong></span> <span class='ocrx_word' id='word_1_74' title='bbox 1316 757 1361 792; x_wconf 92' lang='lat' dir='ltr'><strong>et</strong></span> <span class='ocrx_word' id='word_1_75' title='bbox 1522 748 1700 793; x_wconf 89' lang='lat' dir='ltr'><strong>Praeda</strong></span> <span class='ocrx_word' id='word_1_76' title='bbox 1724 749 1930 807; x_wconf 89' lang='lat' dir='ltr'><strong>triumphi</strong></span> 
     </span>
     <span class='ocr_line' id='line_1_10' title="bbox 822 817 1872 876; baseline 0.001 -16"><span class='ocrx_word' id='word_1_77' title='bbox 822 817 1015 861; x_wconf 87' lang='lat' dir='ltr'><strong>Ceruice</strong></span> <span class='ocrx_word' id='word_1_78' title='bbox 1042 818 1196 876; x_wconf 87' lang='lat' dir='ltr'><strong>iugum</strong></span> <span class='ocrx_word' id='word_1_79' title='bbox 1519 818 1729 861; x_wconf 84' lang='lat' dir='ltr'><strong>Subiecta</strong></span> <span class='ocrx_word' id='word_1_80' title='bbox 1755 817 1872 861; x_wconf 83' lang='lat' dir='ltr'><strong>feret</strong></span> 
     </span>
     <span class='ocr_line' id='line_1_11' title="bbox 821 886 1869 945; baseline 0.001 -17"><span class='ocrx_word' id='word_1_81' title='bbox 821 911 890 919; x_wconf 90' lang='lat'><strong>—-·</strong></span> <span class='ocrx_word' id='word_1_82' title='bbox 914 911 980 919; x_wconf 89' lang='lat'><strong>—-</strong></span> <span class='ocrx_word' id='word_1_83' title='bbox 1005 912 1073 919; x_wconf 91' lang='lat'>—</span> <span class='ocrx_word' id='word_1_84' title='bbox 1099 912 1164 919; x_wconf 91' lang='grc'><strong>--</strong></span> <span class='ocrx_word' id='word_1_85' title='bbox 1519 886 1648 929; x_wconf 88' lang='lat' dir='ltr'><strong>Colla</strong></span> <span class='ocrx_word' id='word_1_86' title='bbox 1673 887 1869 945; x_wconf 87' lang='lat' dir='ltr'><strong>tropaeis</strong></span> 
     </span>
    </p>
   </div>
   <div class='ocr_carea' id='block_1_3' title="bbox 139 998 2515 1264">
    <p class='ocr_par' dir='ltr' id='par_1_5' title="bbox 139 998 2515 1264">
     <span class='ocr_line' id='line_1_12' title="bbox 139 998 2514 1062; baseline -0.001 -16"><span class='ocrx_word' id='word_1_87' title='bbox 139 1016 328 1062; x_wconf 87' lang='lat' dir='ltr'><strong>quorum</strong></span> <span class='ocrx_word' id='word_1_88' title='bbox 361 1002 398 1044; x_wconf 87' lang='lat' dir='ltr'><strong>si</strong></span> <span class='ocrx_word' id='word_1_89' title='bbox 429 1001 577 1060; x_wconf 91' lang='lat' dir='ltr'><strong>priora</strong></span> <span class='ocrx_word' id='word_1_90' title='bbox 612 1000 739 1044; x_wconf 88' lang='lat' dir='ltr'><strong>simul</strong></span> <span class='ocrx_word' id='word_1_91' title='bbox 774 1015 873 1043; x_wconf 90' lang='lat' dir='ltr'><strong>cum</strong></span> <span class='ocrx_word' id='word_1_92' title='bbox 907 999 1000 1042; x_wconf 88' lang='lat' dir='ltr'><strong>istis</strong></span> <span class='ocrx_word' id='word_1_93' title='bbox 1037 1000 1182 1042; x_wconf 87' lang='lat' dir='ltr'><strong>uerbis</strong></span> <span class='ocrx_word' id='word_1_94' title='bbox 1218 1000 1376 1057; x_wconf 90' lang='lat' dir='ltr'><strong>quibus</strong></span> <span class='ocrx_word' id='word_1_95' title='bbox 1402 998 1673 1043; x_wconf 85' lang='lat' dir='ltr'><strong>succedunt.-</strong></span> <span class='ocrx_word' id='word_1_96' title='bbox 1719 1000 1855 1042; x_wconf 68' lang='lat' dir='ltr'><strong>Lv&#39;ber</strong></span> <span class='ocrx_word' id='word_1_97' title='bbox 1887 1015 2034 1042; x_wconf 82' lang='lat' dir='ltr'><strong>manes</strong></span> <span class='ocrx_word' id='word_1_98' title='bbox 2063 1001 2103 1043; x_wconf 84' lang='lat' dir='ltr'><em>V</em></span> <span class='ocrx_word' id='word_1_99' title='bbox 2103 998 2202 1042; x_wconf 70' lang='lat' dir='ltr'><strong>adit</strong></span> <span class='ocrx_word' id='word_1_100' title='bbox 2237 998 2298 1041; x_wconf 82' lang='lat' dir='ltr'><strong>ad</strong></span> <span class='ocrx_word' id='word_1_101' title='bbox 2330 1002 2435 1042; x_wconf 71' lang='lat' dir='ltr'><strong>imos</strong></span> <span class='ocrx_word' id='word_1_102' title='bbox 2469 1000 2514 1043; x_wconf 87' lang='lat' dir='ltr'><strong>iu</strong></span> 
     </span>
     <span class='ocr_line' id='line_1_13' title="bbox 140 1064 2514 1129; baseline -0.001 -14"><span class='ocrx_word' id='word_1_103' title='bbox 140 1064 419 1129; x_wconf 71' lang='lat' dir='ltr'><strong>antistropha</strong></span> <span class='ocrx_word' id='word_1_104' title='bbox 443 1070 662 1128; x_wconf 80' lang='lat' dir='ltr'><strong>ponimus,</strong></span> <span class='ocrx_word' id='word_1_105' title='bbox 707 1068 782 1111; x_wconf 91' lang='lat' dir='ltr'><strong>ubi</strong></span> <span class='ocrx_word' id='word_1_106' title='bbox 807 1068 1022 1111; x_wconf 86' lang='lat' dir='ltr'><strong>libertatis</strong></span> <span class='ocrx_word' id='word_1_107' title='bbox 1049 1068 1166 1111; x_wconf 86' lang='lat' dir='ltr'><strong>clara</strong></span> <span class='ocrx_word' id='word_1_108' title='bbox 1193 1077 1237 1111; x_wconf 89' lang='lat' dir='ltr'><strong>et</strong></span> <span class='ocrx_word' id='word_1_109' title='bbox 1262 1076 1416 1126; x_wconf 89' lang='lat' dir='ltr'><strong>aperta</strong></span> <span class='ocrx_word' id='word_1_110' title='bbox 1442 1069 1607 1112; x_wconf 90' lang='lat' dir='ltr'><strong>mentio</strong></span> <span class='ocrx_word' id='word_1_111' title='bbox 1637 1067 1930 1122; x_wconf 89' lang='lat' dir='ltr'><strong>desideratur,</strong></span> <span class='ocrx_word' id='word_1_112' title='bbox 1973 1067 2085 1111; x_wconf 91' lang='lat' dir='ltr'><strong>haec</strong></span> <span class='ocrx_word' id='word_1_113' title='bbox 2110 1067 2272 1111; x_wconf 89' lang='lat' dir='ltr'><strong>uerba:</strong></span> <span class='ocrx_word' id='word_1_114' title='bbox 2310 1068 2414 1111; x_wconf 92' lang='lat' dir='ltr'><strong>Non</strong></span> <span class='ocrx_word' id='word_1_115' title='bbox 2440 1068 2514 1112; x_wconf 89' lang='lat' dir='ltr'><strong>ille</strong></span> 
     </span>
     <span class='ocr_line' id='line_1_14' title="bbox 142 1131 2515 1199; baseline -0.001 -15"><span class='ocrx_word' id='word_1_116' title='bbox 142 1139 260 1184; x_wconf 89' lang='lat' dir='ltr'><strong>duos</strong></span> <span class='ocrx_word' id='word_1_117' title='bbox 284 1137 596 1182; x_wconf 85' lang='lat' dir='ltr'><strong>uidetAtridas</strong></span> <span class='ocrx_word' id='word_1_118' title='bbox 624 1144 669 1181; x_wconf 89' lang='lat' dir='ltr'><strong>et</strong></span> <span class='ocrx_word' id='word_1_119' title='bbox 694 1153 735 1195; x_wconf 91' lang='lat' dir='ltr'><strong>q.</strong></span> <span class='ocrx_word' id='word_1_120' title='bbox 761 1154 793 1181; x_wconf 91' lang='lat' dir='ltr'><strong>s.</strong></span> <span class='ocrx_word' id='word_1_121' title='bbox 814 1136 1031 1195; x_wconf 85' lang='lat' dir='ltr'><strong>aptiorem</strong></span> <span class='ocrx_word' id='word_1_122' title='bbox 1057 1136 1347 1180; x_wconf 89' lang='lat' dir='ltr'><strong>adHecubae</strong></span> <span class='ocrx_word' id='word_1_123' title='bbox 1373 1152 1518 1180; x_wconf 89' lang='lat' dir='ltr'><strong>mores</strong></span> <span class='ocrx_word' id='word_1_124' title='bbox 1546 1152 1723 1181; x_wconf 89' lang='lat' dir='ltr'><strong>sensum</strong></span> <span class='ocrx_word' id='word_1_125' title='bbox 1751 1137 1972 1194; x_wconf 82' lang='lat' dir='ltr'><strong>accipiunt</strong></span> <span class='ocrx_word' id='word_1_126' title='bbox 1998 1152 2129 1194; x_wconf 88' lang='lat' dir='ltr'><strong>quam</strong></span> <span class='ocrx_word' id='word_1_127' title='bbox 2153 1131 2353 1199; x_wconf 56' lang='lat' dir='ltr'><strong>nunczfiss</strong></span> <span class='ocrx_word' id='word_1_128' title='bbox 2380 1152 2515 1194; x_wconf 88' lang='lat' dir='ltr'><strong>quum</strong></span> 
     </span>
     <span class='ocr_line' id='line_1_15' title="bbox 142 1205 1307 1264; baseline -0.003 -12"><span class='ocrx_word' id='word_1_129' title='bbox 142 1222 300 1252; x_wconf 83' lang='lat' dir='ltr'><strong>eorum</strong></span> <span class='ocrx_word' id='word_1_130' title='bbox 325 1208 393 1251; x_wconf 91' lang='lat' dir='ltr'><strong>uis</strong></span> <span class='ocrx_word' id='word_1_131' title='bbox 421 1206 677 1251; x_wconf 87' lang='lat' dir='ltr'><strong>debilitetur</strong></span> <span class='ocrx_word' id='word_1_132' title='bbox 702 1206 850 1250; x_wconf 87' lang='lat' dir='ltr'><strong>uerbis</strong></span> <span class='ocrx_word' id='word_1_133' title='bbox 877 1221 992 1264; x_wconf 90' lang='lat' dir='ltr'><strong>quae</strong></span> <span class='ocrx_word' id='word_1_134' title='bbox 1018 1205 1307 1264; x_wconf 87' lang='lat' dir='ltr'><strong>praecedunt.</strong></span> 
     </span>
    </p>
   </div>
   <div class='ocr_carea' id='block_1_4' title="bbox 139 1317 2517 1585">
    <p class='ocr_par' dir='ltr' id='par_1_6' title="bbox 139 1317 2517 1585">
     <span class='ocr_line' id='line_1_16' title="bbox 282 1317 2514 1378; baseline -0.001 -13"><span class='ocrx_word' id='word_1_135' title='bbox 282 1320 376 1365; x_wconf 87' lang='lat' dir='ltr'><strong>Sed</strong></span> <span class='ocrx_word' id='word_1_136' title='bbox 410 1320 493 1364; x_wconf 83' lang='lat' dir='ltr'><strong>alia</strong></span> <span class='ocrx_word' id='word_1_137' title='bbox 531 1321 661 1364; x_wconf 89' lang='lat' dir='ltr'><strong>etiam</strong></span> <span class='ocrx_word' id='word_1_138' title='bbox 688 1320 932 1363; x_wconf 87' lang='lat' dir='ltr'><strong>mutatione</strong></span> <span class='ocrx_word' id='word_1_139' title='bbox 959 1334 1074 1378; x_wconf 89' lang='lat' dir='ltr'><strong>opus</strong></span> <span class='ocrx_word' id='word_1_140' title='bbox 1101 1334 1201 1363; x_wconf 90' lang='lat' dir='ltr'><strong>esse</strong></span> <span class='ocrx_word' id='word_1_141' title='bbox 1226 1319 1430 1362; x_wconf 86' lang='lat' dir='ltr'><strong>carminis</strong></span> <span class='ocrx_word' id='word_1_142' title='bbox 1455 1333 1558 1376; x_wconf 88' lang='lat' dir='ltr'><strong>pars</strong></span> <span class='ocrx_word' id='word_1_143' title='bbox 1586 1318 1723 1361; x_wconf 88' lang='lat' dir='ltr'><strong>altera</strong></span> <span class='ocrx_word' id='word_1_144' title='bbox 1750 1325 1795 1361; x_wconf 90' lang='lat' dir='ltr'><strong>et</strong></span> <span class='ocrx_word' id='word_1_145' title='bbox 1820 1318 1949 1361; x_wconf 87' lang='lat' dir='ltr'><strong>tertia</strong></span> <span class='ocrx_word' id='word_1_146' title='bbox 1975 1319 2089 1361; x_wconf 89' lang='lat' dir='ltr'><strong>inter</strong></span> <span class='ocrx_word' id='word_1_147' title='bbox 2114 1333 2162 1361; x_wconf 93' lang='lat' dir='ltr'><strong>se</strong></span> <span class='ocrx_word' id='word_1_148' title='bbox 2188 1317 2514 1377; x_wconf 78' lang='lat' dir='ltr'><strong>respondentes</strong></span> 
     </span>
     <span class='ocr_line' id='line_1_17' title="bbox 139 1387 2516 1447; baseline -0.002 -13"><span class='ocrx_word' id='word_1_149' title='bbox 139 1398 188 1434; x_wconf 87' lang='lat' dir='ltr'><strong>et</strong></span> <span class='ocrx_word' id='word_1_150' title='bbox 222 1390 345 1434; x_wconf 88' lang='lat' dir='ltr'><strong>initio</strong></span> <span class='ocrx_word' id='word_1_151' title='bbox 383 1397 428 1433; x_wconf 87' lang='lat' dir='ltr'><strong>et</strong></span> <span class='ocrx_word' id='word_1_152' title='bbox 458 1390 499 1433; x_wconf 86' lang='lat' dir='ltr'><strong>in</strong></span> <span class='ocrx_word' id='word_1_153' title='bbox 535 1391 622 1432; x_wconf 80' lang='lat' dir='ltr'><strong>fine</strong></span> <span class='ocrx_word' id='word_1_154' title='bbox 653 1388 806 1447; x_wconf 86' lang='lat' dir='ltr'><strong>positis</strong></span> <span class='ocrx_word' id='word_1_155' title='bbox 842 1388 1072 1431; x_wconf 85' lang='lat' dir='ltr'><strong>sententiis</strong></span> <span class='ocrx_word' id='word_1_156' title='bbox 1112 1387 1276 1431; x_wconf 87' lang='lat' dir='ltr'><strong>docent</strong></span> <span class='ocrx_word' id='word_1_157' title='bbox 1312 1403 1494 1447; x_wconf 87' lang='lat' dir='ltr'><strong>quarum</strong></span> <span class='ocrx_word' id='word_1_158' title='bbox 1522 1387 1699 1430; x_wconf 88' lang='lat' dir='ltr'><strong>ultimae</strong></span> <span class='ocrx_word' id='word_1_159' title='bbox 1724 1387 1807 1429; x_wconf 81' lang='lat' dir='ltr'><strong>hae</strong></span> <span class='ocrx_word' id='word_1_160' title='bbox 1835 1394 1982 1444; x_wconf 82' lang='lat' dir='ltr'><strong>partes</strong></span> <span class='ocrx_word' id='word_1_161' title='bbox 2007 1394 2109 1430; x_wconf 90' lang='lat' dir='ltr'><strong>sunt</strong></span> <span class='ocrx_word' id='word_1_162' title='bbox 2133 1387 2309 1430; x_wconf 85' lang='lat' dir='ltr'><strong>similes.</strong></span> <span class='ocrx_word' id='word_1_163' title='bbox 2382 1387 2516 1430; x_wconf 90' lang='lat' dir='ltr'><strong>Haec</strong></span> 
     </span>
     <span class='ocr_line' id='line_1_18' title="bbox 143 1452 2517 1516; baseline -0.001 -13"><span class='ocrx_word' id='word_1_164' title='bbox 143 1459 260 1503; x_wconf 89' lang='lat' dir='ltr'><strong>enim</strong></span> <span class='ocrx_word' id='word_1_165' title='bbox 295 1460 435 1502; x_wconf 89' lang='lat' dir='ltr'><strong>uerba</strong></span> <span class='ocrx_word' id='word_1_166' title='bbox 458 1459 591 1502; x_wconf 76' lang='lat' dir='ltr'><strong>Felix</strong></span> <span class='ocrx_word' id='word_1_167' title='bbox 617 1459 821 1502; x_wconf 62' lang='lat' dir='ltr'><strong>Priamus</strong></span> <span class='ocrx_word' id='word_1_168' title='bbox 855 1472 934 1516; x_wconf 88' lang='lat' dir='ltr'><strong>pro</strong></span> <span class='ocrx_word' id='word_1_169' title='bbox 970 1456 1311 1515; x_wconf 88' lang='lat' dir='ltr'><strong>epiphonemate</strong></span> <span class='ocrx_word' id='word_1_170' title='bbox 1344 1455 1550 1499; x_wconf 90' lang='lat' dir='ltr'><strong>habenda</strong></span> <span class='ocrx_word' id='word_1_171' title='bbox 1575 1462 1679 1498; x_wconf 90' lang='lat' dir='ltr'><strong>sunt</strong></span> <span class='ocrx_word' id='word_1_172' title='bbox 1700 1452 1732 1508; x_wconf 86' lang='lat'><strong>¹)</strong></span> <span class='ocrx_word' id='word_1_173' title='bbox 1766 1463 1901 1512; x_wconf 83' lang='lat' dir='ltr'><strong>atque</strong></span> <span class='ocrx_word' id='word_1_174' title='bbox 1939 1454 2183 1514; x_wconf 87' lang='lat' dir='ltr'><strong>repetenda</strong></span> <span class='ocrx_word' id='word_1_175' title='bbox 2217 1456 2259 1498; x_wconf 92' lang='lat' dir='ltr'><strong>in</strong></span> <span class='ocrx_word' id='word_1_176' title='bbox 2292 1456 2517 1500; x_wconf 81' lang='lat' dir='ltr'><strong>Hecubae</strong></span> 
     </span>
     <span class='ocr_line' id='line_1_19' title="bbox 142 1523 1783 1585; baseline -0.004 -13"><span class='ocrx_word' id='word_1_177' title='bbox 142 1528 356 1572; x_wconf 83' lang='lat' dir='ltr'><strong>orationis</strong></span> <span class='ocrx_word' id='word_1_178' title='bbox 381 1529 469 1571; x_wconf 91' lang='lat' dir='ltr'><strong>fine</strong></span> <span class='ocrx_word' id='word_1_179' title='bbox 495 1527 581 1582; x_wconf 83' lang='lat' dir='ltr'><strong>ubi,</strong></span> <span class='ocrx_word' id='word_1_180' title='bbox 609 1542 742 1585; x_wconf 93' lang='lat' dir='ltr'><strong>quum</strong></span> <span class='ocrx_word' id='word_1_181' title='bbox 770 1525 927 1570; x_wconf 88' lang='lat' dir='ltr'><strong>eadem</strong></span> <span class='ocrx_word' id='word_1_182' title='bbox 953 1533 1263 1584; x_wconf 81' lang='lat' dir='ltr'><strong>sequerentur,</strong></span> <span class='ocrx_word' id='word_1_183' title='bbox 1287 1525 1416 1569; x_wconf 79' lang='lat' dir='ltr'><strong>facile</strong></span> <span class='ocrx_word' id='word_1_184' title='bbox 1442 1523 1783 1569; x_wconf 86' lang='lat' dir='ltr'><strong>interciderunt:</strong></span> 
     </span>
    </p>
   </div>
   <div class='ocr_carea' id='block_1_5' title="bbox 821 1637 1926 1752">
    <p class='ocr_par' dir='ltr' id='par_1_7' title="bbox 821 1637 1926 1752">
     <span class='ocr_line' id='line_1_20' title="bbox 890 1637 1694 1683; baseline -0.004 0"><span class='ocrx_word' id='word_1_185' title='bbox 890 1641 1112 1683; x_wconf 89' lang='lat' dir='ltr'><strong>Hecubae</strong></span> <span class='ocrx_word' id='word_1_186' title='bbox 1555 1637 1694 1681; x_wconf 82' lang='lat' dir='ltr'><strong>chori</strong></span> 
     </span>
     <span class='ocr_line' id='line_1_21' title="bbox 821 1706 1926 1752; baseline -0.005 0"><span class='ocrx_word' id='word_1_187' title='bbox 821 1709 981 1752; x_wconf 85' lang='lat' dir='ltr'><strong>Felix</strong></span> <span class='ocrx_word' id='word_1_188' title='bbox 1007 1709 1270 1752; x_wconf 63' lang='lat' dir='ltr'><strong>Priamus&gt;</strong></span> <span class='ocrx_word' id='word_1_189' title='bbox 1487 1707 1654 1750; x_wconf 87' lang='lat' dir='ltr'><strong>Felix</strong></span> <span class='ocrx_word' id='word_1_190' title='bbox 1679 1706 1926 1748; x_wconf 88' lang='lat' dir='ltr'><strong>Priamus</strong></span> 
     </span>
    </p>
   </div>
   <div class='ocr_carea' id='block_1_6' title="bbox 649 1774 1946 1821">
    <p class='ocr_par' dir='ltr' id='par_1_8' title="bbox 649 1774 1946 1821">
     <span class='ocr_line' id='line_1_22' title="bbox 649 1774 1946 1821; baseline -0.004 0"><span class='ocrx_word' id='word_1_191' title='bbox 649 1780 782 1821; x_wconf 83' lang='lat' dir='ltr'><strong>145a</strong></span> <span class='ocrx_word' id='word_1_192' title='bbox 822 1777 998 1821; x_wconf 86' lang='lat' dir='ltr'><strong>dicite</strong></span> <span class='ocrx_word' id='word_1_193' title='bbox 1025 1784 1261 1820; x_wconf 90' lang='lat' dir='ltr'><strong>cunctae</strong></span> <span class='ocrx_word' id='word_1_194' title='bbox 1326 1778 1458 1820; x_wconf 84' lang='lat' dir='ltr'><strong>157a</strong></span> <span class='ocrx_word' id='word_1_195' title='bbox 1485 1774 1730 1819; x_wconf 88' lang='lat' dir='ltr'><strong>dicimus</strong></span> <span class='ocrx_word' id='word_1_196' title='bbox 1759 1789 1946 1817; x_wconf 89' lang='lat' dir='ltr'><strong>omnes</strong></span> 
     </span>
    </p>
   </div>
   <div class='ocr_carea' id='block_1_7' title="bbox 654 1845 1829 1958">
    <p class='ocr_par' dir='ltr' id='par_1_9' title="bbox 654 1845 1829 1958">
     <span class='ocr_line' id='line_1_23' title="bbox 654 1845 1799 1891; baseline -0.004 -1"><span class='ocrx_word' id='word_1_197' title='bbox 654 1848 751 1891; x_wconf 88' lang='grc'><strong>148</strong></span> <span class='ocrx_word' id='word_1_198' title='bbox 822 1847 926 1891; x_wconf 91' lang='lat' dir='ltr'><strong>Non</strong></span> <span class='ocrx_word' id='word_1_199' title='bbox 954 1846 1026 1889; x_wconf 90' lang='lat' dir='ltr'><strong>ille</strong></span> <span class='ocrx_word' id='word_1_200' title='bbox 1053 1845 1167 1888; x_wconf 90' lang='lat' dir='ltr'><strong>duos</strong></span> <span class='ocrx_word' id='word_1_201' title='bbox 1327 1845 1465 1888; x_wconf 78' lang='grc'>1451)</span> <span class='ocrx_word' id='word_1_202' title='bbox 1493 1845 1628 1888; x_wconf 75' lang='lat' dir='ltr'><strong>Liber</strong></span> <span class='ocrx_word' id='word_1_203' title='bbox 1651 1858 1799 1887; x_wconf 81' lang='lat' dir='ltr'><strong>manes</strong></span> 
     </span>
     <span class='ocr_line' id='line_1_24' title="bbox 823 1912 1829 1958; baseline -0.004 -1"><span class='ocrx_word' id='word_1_204' title='bbox 823 1914 949 1957; x_wconf 90' lang='lat' dir='ltr'><strong>uidet</strong></span> <span class='ocrx_word' id='word_1_205' title='bbox 974 1913 1150 1958; x_wconf 87' lang='lat' dir='ltr'><strong>Atridas</strong></span> <span class='ocrx_word' id='word_1_206' title='bbox 1487 1914 1616 1956; x_wconf 76' lang='lat' dir='ltr'><strong>uadit</strong></span> <span class='ocrx_word' id='word_1_207' title='bbox 1639 1912 1701 1954; x_wconf 82' lang='lat' dir='ltr'><strong>ad</strong></span> <span class='ocrx_word' id='word_1_208' title='bbox 1724 1914 1829 1954; x_wconf 75' lang='lat' dir='ltr'><strong>imos</strong></span> 
     </span>
    </p>
   </div>
   <div class='ocr_carea' id='block_1_8' title="bbox 656 1979 1917 2381">
    <p class='ocr_par' dir='ltr' id='par_1_10' title="bbox 826 1979 1917 2036">
     <span class='ocr_line' id='line_1_25' title="bbox 826 1979 1917 2036; baseline -0.005 -10"><span class='ocrx_word' id='word_1_209' title='bbox 826 1997 908 2026; x_wconf 92' lang='lat' dir='ltr'><strong>nec</strong></span> <span class='ocrx_word' id='word_1_210' title='bbox 934 1982 1135 2030; x_wconf 84' lang='lat' dir='ltr'><strong>fallacem</strong></span> <span class='ocrx_word' id='word_1_211' title='bbox 1485 1996 1564 2024; x_wconf 79' lang='lat' dir='ltr'><strong>nec</strong></span> <span class='ocrx_word' id='word_1_212' title='bbox 1576 1979 1703 2035; x_wconf 84' lang='lat' dir='ltr'><strong>seret</strong></span> <span class='ocrx_word' id='word_1_213' title='bbox 1725 1993 1917 2036; x_wconf 77' lang='lat' dir='ltr'><strong>unquam</strong></span> 
     </span>
    </p>

    <p class='ocr_par' dir='ltr' id='par_1_11' title="bbox 827 2050 1820 2104">
     <span class='ocr_line' id='line_1_26' title="bbox 827 2050 1820 2104; baseline -0.004 -9"><span class='ocrx_word' id='word_1_214' title='bbox 827 2051 966 2095; x_wconf 88' lang='lat' dir='ltr'><strong>cernit</strong></span> <span class='ocrx_word' id='word_1_215' title='bbox 991 2050 1184 2104; x_wconf 85' lang='lat' dir='ltr'><strong>Ulixem,</strong></span> <span class='ocrx_word' id='word_1_216' title='bbox 1330 2051 1424 2092; x_wconf 82' lang='grc'>147</span> <span class='ocrx_word' id='word_1_217' title='bbox 1486 2052 1607 2092; x_wconf 75' lang='lat' dir='ltr'><strong>uicta</strong></span> <span class='ocrx_word' id='word_1_218' title='bbox 1633 2050 1820 2093; x_wconf 73' lang='lat' dir='ltr'><strong>Graium</strong></span> 
     </span>
    </p>

    <p class='ocr_par' dir='ltr' id='par_1_12' title="bbox 656 2119 1900 2232">
     <span class='ocr_line' id='line_1_27' title="bbox 822 2119 1829 2174; baseline -0.005 -10"><span class='ocrx_word' id='word_1_219' title='bbox 822 2145 890 2153; x_wconf 89' lang='lat'>—</span> <span class='ocrx_word' id='word_1_220' title='bbox 916 2145 982 2152; x_wconf 92' lang='lat'>—</span> <span class='ocrx_word' id='word_1_221' title='bbox 1007 2143 1076 2153; x_wconf 89' lang='lat'>—</span> <span class='ocrx_word' id='word_1_222' title='bbox 1100 2146 1168 2152; x_wconf 91' lang='lat'><strong>-—</strong></span> <span class='ocrx_word' id='word_1_223' title='bbox 1487 2120 1657 2161; x_wconf 71' lang='lat' dir='ltr'><strong>ceruice</strong></span> <span class='ocrx_word' id='word_1_224' title='bbox 1683 2119 1829 2174; x_wconf 70' lang='lat' dir='ltr'><strong>iugum</strong></span> 
     </span>
     <span class='ocr_line' id='line_1_28' title="bbox 656 2183 1900 2232; baseline -0.003 0"><span class='ocrx_word' id='word_1_225' title='bbox 656 2189 751 2232; x_wconf 84' lang='lat'><strong>155</strong></span> <span class='ocrx_word' id='word_1_226' title='bbox 824 2188 952 2232; x_wconf 86' lang='lat' dir='ltr'><strong>laetis</strong></span> <span class='ocrx_word' id='word_1_227' title='bbox 978 2188 1055 2231; x_wconf 87' lang='lat' dir='ltr'><strong>fiet</strong></span> <span class='ocrx_word' id='word_1_228' title='bbox 1322 2187 1415 2230; x_wconf 81' lang='lat'><strong>157</strong></span> <span class='ocrx_word' id='word_1_229' title='bbox 1432 2187 1458 2229; x_wconf 94' lang='lat' dir='ltr'><strong>b</strong></span> <span class='ocrx_word' id='word_1_230' title='bbox 1485 2187 1651 2230; x_wconf 91' lang='lat' dir='ltr'><strong>Secum</strong></span> <span class='ocrx_word' id='word_1_231' title='bbox 1675 2183 1900 2229; x_wconf 87' lang='lat' dir='ltr'><strong>excedens</strong></span> 
     </span>
    </p>

    <p class='ocr_par' dir='ltr' id='par_1_13' title="bbox 824 2253 1856 2316">
     <span class='ocr_line' id='line_1_29' title="bbox 824 2253 1856 2316; baseline -0.004 -16"><span class='ocrx_word' id='word_1_232' title='bbox 824 2272 986 2316; x_wconf 89' lang='lat' dir='ltr'><strong>pompa</strong></span> <span class='ocrx_word' id='word_1_233' title='bbox 1011 2256 1236 2315; x_wconf 84' lang='lat' dir='ltr'><strong>Mycenis:</strong></span> <span class='ocrx_word' id='word_1_234' title='bbox 1487 2270 1565 2298; x_wconf 87' lang='lat' dir='ltr'><strong>sua</strong></span> <span class='ocrx_word' id='word_1_235' title='bbox 1590 2269 1732 2314; x_wconf 86' lang='lat' dir='ltr'><strong>regna</strong></span> <span class='ocrx_word' id='word_1_236' title='bbox 1756 2253 1856 2297; x_wconf 88' lang='lat' dir='ltr'><strong>tulit</strong></span> 
     </span>
    </p>

    <p class='ocr_par' dir='ltr' id='par_1_14' title="bbox 826 2327 1709 2381">
     <span class='ocr_line' id='line_1_30' title="bbox 826 2327 1709 2381; baseline -0.003 -12"><span class='ocrx_word' id='word_1_237' title='bbox 826 2327 959 2369; x_wconf 75' lang='lat' dir='ltr'><strong>Felix</strong></span> <span class='ocrx_word' id='word_1_238' title='bbox 984 2327 1207 2370; x_wconf 79' lang='lat' dir='ltr'><strong>Priamus.</strong></span> <span class='ocrx_word' id='word_1_239' title='bbox 1538 2330 1583 2367; x_wconf 90' lang='lat' dir='ltr'><strong>et</strong></span> <span class='ocrx_word' id='word_1_240' title='bbox 1608 2338 1651 2381; x_wconf 88' lang='lat' dir='ltr'><strong>q.</strong></span> <span class='ocrx_word' id='word_1_241' title='bbox 1675 2339 1709 2366; x_wconf 89' lang='lat' dir='ltr'><strong>s.</strong></span> 
     </span>
    </p>
   </div>
   <div class='ocr_carea' id='block_1_9' title="bbox 287 2383 1977 2553">
    <p class='ocr_par' dir='ltr' id='par_1_15' title="bbox 287 2383 1977 2553">
     <span class='ocr_line' id='line_1_31' title="bbox 287 2383 1539 2475; baseline -0.002 -15"><span class='ocrx_word' id='word_1_242' title='bbox 287 2383 462 2466; x_wconf 83' lang='lat' dir='ltr'><strong>Quodsi</strong></span> <span class='ocrx_word' id='word_1_243' title='bbox 487 2416 745 2475; x_wconf 90' lang='lat' dir='ltr'><strong>probabitur</strong></span> <span class='ocrx_word' id='word_1_244' title='bbox 769 2415 904 2459; x_wconf 90' lang='lat' dir='ltr'><strong>totius</strong></span> <span class='ocrx_word' id='word_1_245' title='bbox 931 2416 1091 2459; x_wconf 88' lang='lat' dir='ltr'><strong>cantici</strong></span> <span class='ocrx_word' id='word_1_246' title='bbox 1117 2415 1227 2459; x_wconf 87' lang='lat' dir='ltr'><strong>baec</strong></span> <span class='ocrx_word' id='word_1_247' title='bbox 1254 2415 1338 2458; x_wconf 89' lang='lat' dir='ltr'><strong>erit</strong></span> <span class='ocrx_word' id='word_1_248' title='bbox 1362 2414 1539 2473; x_wconf 87' lang='lat' dir='ltr'><strong>imago:</strong></span> 
     </span>
     <span class='ocr_line' id='line_1_32' title="bbox 694 2502 1977 2553; baseline -0.003 -2"><span class='ocrx_word' id='word_1_249' title='bbox 694 2507 774 2551; x_wconf 84' lang='lat' dir='ltr'><strong>Ch.</strong></span> <span class='ocrx_word' id='word_1_250' title='bbox 859 2508 974 2551; x_wconf 91' lang='lat' dir='ltr'><strong>Hec.</strong></span> <span class='ocrx_word' id='word_1_251' title='bbox 1055 2506 1137 2550; x_wconf 84' lang='lat' dir='ltr'><strong>Ch.</strong></span> <span class='ocrx_word' id='word_1_252' title='bbox 1217 2506 1336 2551; x_wconf 86' lang='lat' dir='ltr'><strong>Hec.</strong></span> <span class='ocrx_word' id='word_1_253' title='bbox 1411 2505 1490 2549; x_wconf 85' lang='lat' dir='ltr'><strong>Ch.</strong></span> <span class='ocrx_word' id='word_1_254' title='bbox 1631 2506 1749 2553; x_wconf 83' lang='lat' dir='ltr'><strong>Hec.</strong></span> <span class='ocrx_word' id='word_1_255' title='bbox 1893 2502 1977 2547; x_wconf 87' lang='lat' dir='ltr'><strong>Ch.</strong></span> 
     </span>
    </p>
   </div>
   <div class='ocr_carea' id='block_1_10' title="bbox 1609 2572 1748 2591">
    <p class='ocr_par' dir='ltr' id='par_1_16' title="bbox 1609 2572 1748 2591">
     <span class='ocr_line' id='line_1_33' title="bbox 1609 2572 1748 2591; baseline 0 0"><span class='ocrx_word' id='word_1_256' title='bbox 1609 2572 1748 2591; x_wconf 52' lang='grc' dir='ltr'><strong>κ-Α--κ</strong></span> 
     </span>
    </p>
   </div>
   <div class='ocr_carea' id='block_1_11' title="bbox 707 2596 1966 2644">
    <p class='ocr_par' dir='ltr' id='par_1_17' title="bbox 707 2596 1966 2644">
     <span class='ocr_line' id='line_1_34' title="bbox 707 2596 1966 2644; baseline -0.003 -1"><span class='ocrx_word' id='word_1_257' title='bbox 707 2599 770 2644; x_wconf 88' lang='grc'><strong>30</strong></span> <span class='ocrx_word' id='word_1_258' title='bbox 881 2599 943 2643; x_wconf 83' lang='grc'><strong>32</strong></span> <span class='ocrx_word' id='word_1_259' title='bbox 1066 2599 1128 2642; x_wconf 88' lang='grc'><strong>32</strong></span> <span class='ocrx_word' id='word_1_260' title='bbox 1237 2598 1300 2642; x_wconf 86' lang='grc'><strong>30</strong></span> <span class='ocrx_word' id='word_1_261' title='bbox 1420 2598 1484 2640; x_wconf 87' lang='grc'><strong>20</strong></span> <span class='ocrx_word' id='word_1_262' title='bbox 1593 2599 1620 2640; x_wconf 86' lang='grc'>5</span> <span class='ocrx_word' id='word_1_263' title='bbox 1720 2597 1782 2640; x_wconf 87' lang='grc'><strong>20</strong></span> <span class='ocrx_word' id='word_1_264' title='bbox 1903 2596 1966 2639; x_wconf 87' lang='grc'><strong>20</strong></span> 
     </span>
    </p>
   </div>
   <div class='ocr_carea' id='block_1_12' title="bbox 943 2659 1896 2685">
    <p class='ocr_par' dir='ltr' id='par_1_18' title="bbox 943 2659 1896 2685">
     <span class='ocr_line' id='line_1_35' title="bbox 943 2659 1896 2685; baseline -0.002 0"><span class='ocrx_word' id='word_1_265' title='bbox 943 2662 1052 2685; x_wconf 49' lang='grc' dir='ltr'><strong>κ-να</strong></span> <span class='ocrx_word' id='word_1_266' title='bbox 1786 2659 1896 2683; x_wconf 50' lang='lat' dir='ltr'><strong>s-v-J</strong></span> 
     </span>
    </p>
   </div>
   <div class='ocr_carea' id='block_1_13' title="bbox 753 2684 1239 2705">
    <p class='ocr_par' dir='ltr' id='par_1_19' title="bbox 753 2684 1239 2705">
     <span class='ocr_line' id='line_1_36' title="bbox 753 2684 1239 2705; baseline -0.002 -7"><span class='ocrx_word' id='word_1_267' title='bbox 753 2684 1239 2705; x_wconf 44' lang='lat' dir='ltr'><strong>x---Wb—-a</strong></span> 
     </span>
    </p>
   </div>
   <div class='ocr_carea' id='block_1_14' title="bbox 140 2797 2523 2961">
    <p class='ocr_par' dir='ltr' id='par_1_20' title="bbox 140 2797 2523 2961">
     <span class='ocr_line' id='line_1_37' title="bbox 270 2797 2523 2851; baseline -0 -12"><span class='ocrx_word' id='word_1_268' title='bbox 270 2798 308 2850; x_wconf 65' lang='grc'><strong>4)</strong></span> <span class='ocrx_word' id='word_1_269' title='bbox 339 2803 394 2839; x_wconf 85' lang='lat' dir='ltr'><strong>Ex</strong></span> <span class='ocrx_word' id='word_1_270' title='bbox 423 2802 526 2839; x_wconf 86' lang='lat' dir='ltr'><strong>huius</strong></span> <span class='ocrx_word' id='word_1_271' title='bbox 556 2802 718 2840; x_wconf 85' lang='lat' dir='ltr'><strong>carminis</strong></span> <span class='ocrx_word' id='word_1_272' title='bbox 748 2802 1076 2851; x_wconf 84' lang='lat' dir='ltr'><strong>epiphonematibus</strong></span> <span class='ocrx_word' id='word_1_273' title='bbox 1106 2799 1288 2839; x_wconf 82' lang='lat' dir='ltr'><strong>Hectora</strong></span> <span class='ocrx_word' id='word_1_274' title='bbox 1315 2800 1476 2851; x_wconf 80' lang='lat' dir='ltr'><strong>flemus,</strong></span> <span class='ocrx_word' id='word_1_275' title='bbox 1517 2797 1636 2837; x_wconf 69' lang='lat' dir='ltr'><strong>Felix</strong></span> <span class='ocrx_word' id='word_1_276' title='bbox 1665 2799 1871 2843; x_wconf 75' lang='lat' dir='ltr'><strong>Prz&#39;amus,</strong></span> <span class='ocrx_word' id='word_1_277' title='bbox 1917 2800 2042 2846; x_wconf 82' lang='lat' dir='ltr'><strong>quibus</strong></span> <span class='ocrx_word' id='word_1_278' title='bbox 2080 2799 2209 2836; x_wconf 84' lang='lat' dir='ltr'><strong>addere</strong></span> <span class='ocrx_word' id='word_1_279' title='bbox 2240 2799 2325 2836; x_wconf 74' lang='lat' dir='ltr'><strong>lieet</strong></span> <span class='ocrx_word' id='word_1_280' title='bbox 2353 2799 2523 2838; x_wconf 80' lang='lat' dir='ltr'><strong>formulas</strong></span> 
     </span>
     <span class='ocr_line' id='line_1_38' title="bbox 150 2854 2522 2906; baseline 0 -12"><span class='ocrx_word' id='word_1_281' title='bbox 150 2858 234 2895; x_wconf 73' lang='lat' dir='ltr'><strong>has:</strong></span> <span class='ocrx_word' id='word_1_282' title='bbox 282 2855 441 2897; x_wconf 69' lang='lat' dir='ltr'><strong>Solum</strong></span> <span class='ocrx_word' id='word_1_283' title='bbox 471 2858 639 2902; x_wconf 77' lang='lat' dir='ltr'><strong>crinem,</strong></span> <span class='ocrx_word' id='word_1_284' title='bbox 670 2856 872 2897; x_wconf 78' lang='lat' dir='ltr'><strong>soluimus</strong></span> <span class='ocrx_word' id='word_1_285' title='bbox 901 2869 1048 2901; x_wconf 78' lang='lat' dir='ltr'><strong>omnes,</strong></span> <span class='ocrx_word' id='word_1_286' title='bbox 1089 2855 1229 2896; x_wconf 73' lang='lat' dir='ltr'><strong>Dicite</strong></span> <span class='ocrx_word' id='word_1_287' title='bbox 1259 2861 1443 2900; x_wconf 79' lang='lat' dir='ltr'><strong>cunctae,</strong></span> <span class='ocrx_word' id='word_1_288' title='bbox 1475 2854 1661 2895; x_wconf 73' lang='lat' dir='ltr'><strong>Dicimus</strong></span> <span class='ocrx_word' id='word_1_289' title='bbox 1692 2868 1844 2905; x_wconf 80' lang='lat' dir='ltr'><strong>omnes,</strong></span> <span class='ocrx_word' id='word_1_290' title='bbox 1882 2867 2011 2894; x_wconf 89' lang='lat' dir='ltr'><strong>nouum</strong></span> <span class='ocrx_word' id='word_1_291' title='bbox 2042 2856 2147 2892; x_wconf 84' lang='lat' dir='ltr'><strong>etiam</strong></span> <span class='ocrx_word' id='word_1_292' title='bbox 2175 2860 2416 2904; x_wconf 76' lang='lat' dir='ltr'><strong>argumentum</strong></span> <span class='ocrx_word' id='word_1_293' title='bbox 2445 2858 2522 2906; x_wconf 84' lang='lat' dir='ltr'><strong>peti</strong></span> 
     </span>
     <span class='ocr_line' id='line_1_39' title="bbox 140 2915 1010 2961; baseline 0.002 -10"><span class='ocrx_word' id='word_1_294' title='bbox 140 2917 274 2961; x_wconf 20' lang='lat' dir='ltr'><strong>&gt;potest</strong></span> <span class='ocrx_word' id='word_1_295' title='bbox 301 2915 560 2954; x_wconf 71' lang='lat' dir='ltr'><strong>monomecris</strong></span> <span class='ocrx_word' id='word_1_296' title='bbox 587 2917 756 2953; x_wconf 87' lang='lat' dir='ltr'><strong>Senecam</strong></span> <span class='ocrx_word' id='word_1_297' title='bbox 786 2928 884 2954; x_wconf 88' lang='lat' dir='ltr'><strong>usum</strong></span> <span class='ocrx_word' id='word_1_298' title='bbox 916 2927 1010 2953; x_wconf 88' lang='lat' dir='ltr'><strong>esse.</strong></span> 
     </span>
    </p>
   </div>
  </div>
 </body>
</html>
