2690 3536
1262 94 1342 139 287-

247 260 411 305 Tertia
429 273 531 318 pars
554 258 616 301 ita
640 257 814 315 incipit:

924 334 1017 379 Sed
1044 349 1143 377 curn
1170 333 1389 390 linqueret
1412 332 1578 374 inferos

727 404 857 447 1080
933 402 1139 461 Orpheus
1166 401 1355 444 carmina
1382 399 1600 452 diuidem,

929 473 985 516 Et
1013 472 1128 515 uinci
1154 470 1264 528 lapis
1290 469 1513 527 improbus

931 542 987 583 Et
1014 548 1159 583 uatem
1188 539 1332 597 potuit
1358 538 1495 595 sequi.

931 610 1227 666 Consumptas
1251 608 1410 650 iterum
1440 606 1565 647 Deae

934 677 1154 735 Supplent
1180 676 1416 719 Euridices
1445 674 1581 717 colos.

115 773 326 822 Quisnam
352 770 437 813 iste
462 769 573 827 lapis
599 769 861 825 improbus?
909 769 983 811 De
1010 767 1239 825 Eurydice
1265 776 1432 810 tantum
1461 765 1627 823 agitur,
1680 780 1815 822 quam
1841 774 1889 807 ut
1915 774 2143 823 repeteret
2168 765 2377 824 Orpheus
2402 767 2509 812 adiit

114 855 281 884 manes.
355 839 418 881 Et
455 853 509 880 en
546 837 752 880 redeunti
778 836 981 893 sequitur
1006 836 1139 894 lapis}
1189 850 1286 879 nam
1321 834 1376 878 ad
1400 838 1545 890 potuit
1571 838 1702 889 seque·
1723 832 1983 890 Eurydicen
2011 834 2244 891 quominus
2269 835 2507 896 intelligas,

116 908 297 952 obstant
321 906 636 966 grammaticae
660 905 816 964 leges:
857 920 1002 962 neque
1028 905 1065 947 si
1091 904 1135 946 id
1162 912 1316 962 posset
1341 903 1454 953 fieri,
1486 901 1597 960 lapis
1622 901 1694 958 qui
1721 902 1918 945 Tartara
1945 902 2112 945 claudit
2135 902 2219 960 (cf.
2252 905 2374 948 1771
2407 906 2507 964 pul·

117 991 217 1020 aare
244 977 505 1019 Taenareas
543 972 691 1031 fores)
728 982 883 1030 posset
915 973 1116 1031 intelligi.
1192 972 1358 1015 Deleto
1393 979 1584 1028 utroque
1611 985 1749 1013 uersu
1777 970 1966 1028 probum
1994 971 2174 1015 habebis
2202 975 2505 1018 enunciatum:

940 1063 1033 1108 Sed
1060 1078 1161 1106 cum
1188 1063 1409 1119 linqueret
1434 1061 1599 1107 inferos

738 1133 867 1174 1080
941 1130 1150 1188 Orpheus
1178 1131 1369 1173 carmina
1397 1129 1612 1182 diffidens,

738 1200 868 1242 1083
945 1200 1242 1257 Consumptas
1268 1200 1425 1242 iterum
1454 1198 1567 1241 deae

941 1267 1161 1326 Supplent
1186 1267 1422 1310 Enridices
1450 1266 1590 1310 colos.

259 1360 363 1402 Non
399 1368 544 1402 autem
578 1358 755 1417 singula
789 1373 998 1416 quaeque
1037 1367 1251 1408 accurate,
1282 1366 1531 1412 narrantur,
1576 1357 1658 1404 sed
1698 1373 1751 1401 ea
1781 1363 1948 1401 tantum
1975 1373 2090 1416 quae
2116 1368 2219 1403 sunt
2242 1361 2504 1420 grauissima

121 1427 320 1470 breuiter
352 1427 604 1470 indicantur
638 1435 687 1469 ut
722 1428 763 1469 in
803 1443 849 1469 re
884 1426 1123 1469 notissima.
1202 1428 1357 1484 ltaque
1394 1436 1494 1483 post
1527 1428 1732 1482 suppleta!
1766 1429 1876 1469 colos
1913 1443 1999 1470 non
2028 1443 2138 1486 opus
2166 1438 2259 1472 erat
2287 1430 2413 1474 addi:
2461 1436 2506 1475 et

121 1500 264 1539 nalem
286 1500 431 1551 poluit
455 1500 605 1551 sequn',·
649 1495 728 1537 sed
755 1496 900 1537 statim
930 1504 1105 1552 poterat
1133 1497 1322 1543 narrari:
1369 1495 1465 1543 Sed,
1489 1494 1590 1544 dum
1619 1495 1796 1553 respicit
1825 1504 1870 1538 et
1896 1511 1936 1553 q.
1964 1513 1998 1538 s.

265 1601 431 1642 Versus
482 1606 628 1640 autem
678 1597 738 1639 illi
789 1597 905 1640 unde
956 1598 1041 1639 huc
1084 1599 1171 1640 sint
1214 1599 1386 1640 traiecti
1430 1599 1652 1640 inuenisse
1697 1607 1817 1655 puto.
1910 1598 2168 1641 Gronouius
2212 1600 2269 1642 ad
2314 1599 2503 1644 Medeae

124 1685 164 1712 u.
211 1669 308 1716 '146
361 1665 591 1713 adnotauit
644 1666 777 1709 haec:
859 1669 1092 1722 „Semper
1146 1666 1247 1714 sere
1290 1667 1333 1716 in
1384 1667 1448 1708 his
1493 1665 1736 1724 tragoediis
1790 1667 2117 1725 coniunguntur
2169 1667 2252 1710 hae
2304 1684 2502 1726 poenae,

122 1736 293 1782 Ixionis
342 1734 520 1778 Tantali
557 1735 675 1791 Tityi
720 1734 899 1792 Sisyphi
944 1733 1242 1778 Danaidum.⁴·
1317 1743 1362 1778 at
1413 1750 1498 1777 non
1553 1746 1675 1778 recte
1719 1744 1907 1791 quatuor
1948 1735 2030 1781 iuis
2075 1736 2147 1793 qui
2189 1752 2365 1795 semper
2407 1737 2503 1782 fere

124 1805 405 1848 nominantur
454 1803 675 1845 coniuncti
717 1802 829 1858 (Hs.
876 1805 971 1845 755
1018 1803 1135 1860 Thy.
1183 1805 1212 1845 9
1267 1804 1337 1846 ubi
1382 1804 1575 1861 loquitur
1619 1803 1859 1853 Tantalus,
1914 1804 2079 1848 Phaed.
2130 1806 2258 1848 1230
2307 1808 2390 1865 Ag.
2441 1808 2500 1850 15

123 1873 233 1929 ΗΟ.
271 1872 430 1925 946),
493 1871 574 1913 nisi
616 1871 732 1913 forte
778 1887 885 1914 unus
929 1880 1093 1915 tantum
1141 1887 1194 1915 ex
1239 1872 1320 1914 illis
1365 1872 1654 1916 nominandus
1699 1882 1791 1915 erat
1836 1883 1881 1916 ut
1925 1875 2085 1931 Tityos
2131 1873 2206 1917 ΕΠ.
2248 1876 2372 1927 977,
2423 1875 2502 1918 ad-

126 1940 238 1984 didit
262 1940 490 1983 Danaides
524 1940 687 1997 quippe
727 1955 840 1995 quae
874 1955 960 1982 non
999 1940 1077 1982 nisi
1112 1941 1217 1983 ΗΟ.
1248 1942 1344 1985 946
1373 1957 1436 1998 sq.
1472 1949 1516 1983 et
1554 1957 1636 1984 una
1664 1957 1760 1984 cum
1788 1942 2103 1985 Cadmeidibus
2129 1942 2396 2000 Phineisque
2424 1942 2499 1986 Ηί-

127 2011 224 2052 755
253 2023 317 2066 sq.
351 2008 624 2050 subiciuntur
649 2007 789 2050 lxioni
819 2008 1012 2050 Tantalo
1040 2008 1175 2065 Tityo
1210 2009 1415 2067 Sisypho.
1449 2038 1503 2040 w
1540 2009 1615 2051 llle
1650 2010 1783 2067 igitur
1810 2011 1932 2067 Tityi
1966 2026 2125 2053 nomen
2161 2010 2421 2054 desiderans
2456 2013 2499 2055 in

125 2077 315 2120 Medeae
350 2091 478 2119 uersu
513 2076 586 2133 qui
621 2076 717 2119 talis
754 2087 821 2119 est
858 2077 898 2119 in
931 2078 996 2119 E:
1045 2078 1311 2119 Gram'orum
1346 2093 1489 2135 poena
1525 2078 1682 2120 sedeat
1714 2079 1916 2138 coniugis
1951 2094 2111 2122 socero
2146 2081 2227 2122 mei
2264 2080 2500 2139 (uulgares

125 2145 260 2189 codd.
273 2147 468 2188 Gravior
494 2159 639 2202 poena
666 2153 753 2188 etc.
770 2151 782 2196 )
801 2145 1025 2188 inculcare
1042 2145 1212 2189 studuit
1236 2146 1318 2189 ita:
1358 2147 1551 2189 Grauior
1570 2147 1727 2204 Tityi
1748 2148 1959 2204 (titiiz
1981 2163 2059 2190 um
2084 2147 2177 2191 siue
2205 2150 2335 2205 uni),
2369 2149 2500 2192 ualde

125 2215 336 2258 aberrans
373 2229 397 2255 a
436 2221 576 2262 recto,
624 2229 755 2271 quum
784 2230 838 2256 ne
865 2230 1020 2256 uocem
1057 2214 1231 2272 quidem
1262 2230 1374 2272 quae
1401 2224 1468 2258 est
1493 2216 1676 2273 grauior
1700 2224 1823 2259 recte
1851 2224 1970 2260 esset
1994 2217 2322 2274 interpretatus.
2396 2219 2498 2261 mihi

125 2283 380 2341 grauiorem
407 2297 593 2339 poenam
623 2297 750 2339 quam
778 2298 863 2339 qua
887 2282 946 2325 illi
973 2283 1176 2326 laborant
1201 2284 1359 2326 Medea
1387 2284 1619 2341 imprecari
1647 2284 1821 2327 uidetur
1848 2286 2054 2328 Creonti:
2081 2286 2337 2335 Creontem,
2364 2295 2410 2329 ut
2437 2287 2498 2330 ait

124 2351 391 2404 Farnabius‚
428 2359 603 2393 maneat
637 2366 780 2407 poena
820 2352 955 2409 longe
980 2352 1162 2411 grauior
1189 2352 1367 2396 Tantali
1395 2353 1628 2411 supplicio,
1706 2355 1825 2411 Tityi
1852 2363 1996 2398 autem
2023 2370 2166 2412 poena
2193 2355 2251 2397 illi
2279 2354 2379 2397 loco
2406 2370 2493 2399 non

127 2428 196 2463 est
221 2428 337 2477 apta.
408 2419 699 2462 Scribendum
728 2420 811 2462 erit
837 2435 889 2462 ex
916 2420 1095 2463 Etrusci
1123 2421 1322 2479 uestigiis
1350 2423 1544 2463 Gram‘or
1571 2427 1728 2465 umeris
1755 2439 1898 2480 poena
1924 2440 1958 2466 s.
1986 2438 2019 2466 c.
2048 2440 2080 2465 s.
2108 2438 2164 2466 m.
2216 2423 2335 2480 quod
2361 2439 2495 2480 quum

126 2504 213 2532 non
250 2489 330 2531 nisi
364 2487 406 2529 in
440 2503 550 2530 onus
586 2488 778 2550 Sisypho
816 2489 1063 2546 impositum
1100 2489 1287 2546 quadret
1323 2490 1614 2548 (quamquam
1651 2491 1691 2534 in
1720 2507 1871 2535 omnes
1899 2492 1971 2549 qui
1997 2500 2285 2535 recensentur
2319 2492 2494 2536 labores

124 2557 341 2607 sententia
376 2564 553 2613 poterat
586 2549 853 2615 transferri),
890 2557 1006 2601 hunc
1042 2573 1215 2601 uersum
1252 2566 1353 2616 post
1389 2575 1429 2602 u.
1462 2561 1553 2602 747
1596 2559 1902 2604 collocandum
1932 2560 2033 2605 duxi
2059 2562 2100 2604 in
2127 2576 2216 2618 quo
2244 2560 2419 2618 Sisyphi
2445 2562 2494 2604 fit

124 2626 302 2669 mentio.
375 2624 496 2667 Inest
530 2625 666 2683 igitur
698 2625 950 2669 adhortatio
986 2626 1169 2684 optandi
1209 2627 1342 2670 modo
1388 2629 1674 2685 pronunciata
1720 2631 1873 2688 eisque
1918 2631 2072 2687 quibus
2114 2630 2308 2673 excitare
2345 2645 2494 2672 manes

125 2693 293 2737 studuit
318 2702 364 2736 et
387 2693 615 2736 Danaides
642 2709 726 2736 non
755 2695 893 2737 solum
920 2695 1258 2738 accommodata
1284 2695 1362 2738 sed
1389 2697 1521 2739 etiam
1549 2697 1779 2754 postulata.
1848 2699 2057 2742 Ceterum
2093 2714 2177 2741 non
2204 2698 2492 2755 interruptam

124 2761 260 2805 fuisse
310 2778 332 2804 a
370 2772 501 2819 poeta
552 2763 729 2805 Tantali
781 2765 1047 2807 mentionem
1094 2764 1434 2821 Danaidumque
1479 2767 1698 2810 sententia
1740 2783 1854 2824 quae
1899 2768 2156 2811 efficeretur
2199 2782 2311 2808 uoce.
2355 2768 2491 2810 uoluit

126 2830 283 2884 aliena,
311 2830 478 2873 docere
504 2838 680 2887 poterat
706 2847 789 2874 uox
817 2848 978 2888 quoq-ne
1005 2849 1045 2875 u.
1062 2830 1223 2891 748¹).
1259 2830 1337 2894 {De
1363 2835 1510 2877 uerbis
1536 2835 1641 2893 ipsis
1668 2835 1968 2880 conserendus
1994 2844 2062 2879 est
2088 2836 2202 2893 Thy.
2232 2837 2283 2876 7:
2307 2836 2494 2892 Sisyphi

244 3018 276 3065 ι)
308 3021 393 3064 Quis
426 3033 572 3068 uuquam
603 3023 693 3059 dixit
713 3025 900 3071 Sisyphum
931 3022 1072 3061 uolut?
1102 3025 1254 3065 Ouidius
1284 3027 1373 3062 ned.
1397 3026 1581 3064 1111459:
1614 3031 1715 3075 „Aut
1743 3031 1835 3076 petis
1866 3035 1925 3066 aut
1952 3041 2083 3077 urgues
2115 3030 2294 3075 ruiturum,
2326 3031 2492 3078 Sisyphe,

121 3091 257 3175 33.ῃοιῖ
322 3077 482 3113 Voluitur
509 3078 652 3115 lxion.“
722 3081 816 3117 idem
846 3082 928 3118 Met.
962 3082 990 3118 X
1022 3079 1070 3118 41
1106 3094 1184 3130 εει,
1225 3095 1327 3132 quem
1364 3084 1477 3120 locum
1518 3086 1696 3132 expressit
1724 3086 1860 3122 Seneca
1899 3091 1935 3123 et
1971 3086 2007 3123 in
2037 3087 2159 3123 Medea
2197 3092 2234 3124 et
2272 3088 2306 3123 iu
2342 3087 2492 3124 Hercule
