2690 3536
1292 145 1355 191 37

818 313 863 348 et
887 304 929 347 in
957 303 1044 348 alta
1069 319 1254 349 nemora
1279 306 1491 364 pabulum
1515 306 1632 350 misit
1655 305 1758 351 feris

816 373 1065 431 auibusque
1090 375 1251 428 saeuis,
1278 389 1387 431 quas
1415 373 1653 418 Cithaeron
1679 376 1838 419 noxius

816 456 978 485 cruore
1003 457 1140 501 saepe
1167 442 1297 501 regio
1321 442 1480 487 tinctas
1507 443 1593 488 alit.

130 531 366 592 Repetiise
403 529 586 574 chorum
623 527 852 586 fusiusque
888 542 1091 572 narrasse
1127 527 1238 572 haec
1265 543 1380 586 quae
1406 544 1535 573 sacer
1562 528 1801 573 Cithaeron
1829 529 2004 574 uiderat
2029 546 2116 575 non
2144 530 2288 575 solum
2316 534 2410 576 ueri
2437 541 2506 579 est

133 600 290 655 simile,
318 597 399 643 sed
423 595 656 657 repetendi
682 611 826 655 paene
853 596 1049 641 officium
1075 597 1235 656 Oedipi
1260 597 1398 641 uerba
1422 597 1482 640 illi
1507 597 1724 642 fecerunt.
1778 606 1948 656 partem
1974 600 2112 659 igitur
2138 600 2295 644 chori
2321 601 2504 646 Phoe-

132 669 403 714 nissarum
430 667 656 726 primum
683 674 862 710 actum
882 665 982 709 fini
998 666 1141 710 entis
1168 666 1516 725 deprehendisse
1536 667 1637 710 mihi
1660 666 1830 711 uideor.
1871 667 2032 727 Oedipi
2055 677 2198 713 autem
2221 668 2381 714 chorus
2404 670 2503 714 nihil

134 738 218 782 nisi
234 735 392 781 Cadmi
417 734 506 779 fata
533 742 789 778 narraturus
810 742 918 779 erat.
957 735 1018 778 Et
1042 735 1244 792 sequitur
1267 735 1309 778 in
1336 735 1418 779 hac
1444 751 1492 779 re
1507 735 1770 794 Euripidem
1796 737 1870 794 qui
1885 736 2117 781 Phoeniss.
2148 754 2190 782 u.
2206 739 2304 783 638
2325 747 2505 798 praeter

134 805 376 850 draconem
402 806 678 864 Spartosque
716 803 876 847 nullam
913 803 1038 847 aliam
1074 804 1357 862 persequitur
1384 804 1702 849 Thebanorum
1736 806 1866 849 luein.
1942 815 2096 849 contra
2129 807 2169 849 in
2204 807 2385 866 singulis
2422 807 2500 852 de-

131 873 379 920 scribendis
413 888 484 916 res
517 873 731 932 imagines
767 873 905 916 uerba
939 888 991 915 ex
1021 873 1172 917 Ouidii
1208 874 1313 917 Met.
1339 873 1448 916 libro
1475 875 1545 917 111
1582 882 1805 918 mutuatus
1841 882 1922 918 est.
1996 875 2116 932 quod
2142 891 2274 933 quum
2302 877 2431 920 etiam
2457 877 2498 920 in

131 943 370 988 Actaeonis
398 942 593 996 historia,
619 957 734 999 quae
760 942 957 1000 sequitur
982 941 1102 999 apud
1127 949 1364 1000 utrumque
1391 943 1547 986 Cadmi
1574 942 1677 998 fata,
1718 942 1876 987 fecerit
1895 941 1942 1000 ¹),
1974 944 2131 988 eodem
2158 953 2358 1003 tempore
2386 953 2431 988 et
2455 947 2497 989 in

131 1012 390 1057 Phoenissis
434 1018 479 1054 et
514 1010 691 1068 Oedipo
730 1010 1049 1068 componendis
1086 1019 1352 1068 occupatum
1391 1027 1506 1069 quae
1542 1013 1581 1055 in
1619 1012 1784 1055 Ouidio
1824 1020 1868 1055 et
1903 1013 2005 1056 huic
2042 1020 2086 1057 et
2131 1013 2189 1055 illi
2225 1022 2326 1072 apta
2375 1015 2498 1058 inue-

132 1082 274 1126 nisset
305 1081 348 1124 in
387 1094 473 1123 una
499 1077 748 1135 eademque
774 1079 1085 1136 perscripsisse
1112 1079 1262 1123 charta
1288 1087 1466 1138 poetam
1493 1082 1708 1138 suspicor.
1780 1097 1926 1139 neque
1953 1082 2021 1125 illa
2049 1089 2205 1140 postea
2229 1082 2270 1126 in
2298 1082 2498 1126 ordinem

131 1149 316 1195 redacta
351 1163 446 1191 esse
470 1146 733 1202 mirandum,
778 1162 913 1205 quum
946 1147 1175 1191 innumera
1213 1156 1364 1191 extent
1400 1150 1649 1194 testimonia
1674 1165 1819 1207 eaque
1847 1151 2090 1194 certissima
2116 1166 2229 1209 quae
2257 1166 2310 1194 ex
2338 1159 2500 1209 poetae

130 1217 308 1263 schedis
343 1216 397 1260 ab
434 1215 519 1259 alio
556 1215 750 1273 quodam
788 1215 860 1259 uel
887 1215 980 1259 aliis
1007 1217 1294 1275 transcriptas
1322 1224 1456 1275 atque
1483 1219 1523 1262 in
1550 1218 1593 1261 id
1622 1219 1828 1262 uolumen
1855 1219 1975 1276 quod
2003 1235 2118 1263 nunc
2144 1228 2343 1263 tenemus
2380 1236 2499 1267 com-

129 1287 301 1347 positas
327 1301 427 1330 esse
455 1285 657 1328 Senecae
683 1284 943 1343 tragoedias
973 1284 1289 1329 demonstrant.

274 1374 301 1415 2
356 1370 571 1415 Eiusdem
605 1370 670 1413 rei
703 1370 872 1430 gradus
908 1370 1240 1428 quodammodo
1275 1379 1410 1429 atque
1446 1373 1708 1415 narrationis
1745 1380 1967 1416 momenta
1993 1381 2231 1416 metrorum
2259 1375 2502 1418 mutatione

131 1442 393 1486 efferuntur.
455 1439 509 1482 Id
534 1439 699 1483 factum
725 1440 766 1482 in
795 1439 957 1483 Bacchi
986 1439 1185 1483 laudibus
1207 1440 1322 1484 Oed.
1345 1437 1447 1499 11²)
1477 1450 1521 1484 et
1541 1441 1729 1484 Medeae
1757 1443 1928 1485 cantico
1955 1442 2075 1485 Med.
2105 1451 2190 1485 act.
2217 1443 2305 1485 [ΙΙΙ
2331 1440 2500 1502 med.³)

129 1511 193 1555 ita
226 1511 270 1553 in
306 1508 586 1568 epithalamio
612 1507 775 1552 Med.1
812 1508 1102 1567 asclepiadeis
1139 1509 1248 1552 deos
1285 1511 1553 1567 imprecatur
1591 1511 1751 1553 chorus
1796 1520 1840 1553 ut
1875 1510 2020 1554 adsint
2057 1511 2239 1569 nuptiis,
2291 1510 2502 1554 describit

130 1580 283 1638 sponsi
301 1578 488 1622 formam
513 1578 743 1636 glyconeis
767 1592 955 1635 sponsae
981 1577 1287 1635 asclepiadeis,
1306 1578 1571 1622 hexametris
1599 1578 1790 1636 denique
1816 1580 2063 1637 nuptiarum
2089 1579 2300 1623 laetitiam
2321 1581 2498 1624 excitat.

128 1646 209 1692 Hs.
235 1648 306 1692 ΙΙΙ
330 1646 541 1690 Herculis
566 1646 651 1690 iter
676 1645 733 1689 ad
758 1645 922 1690 inferos
948 1653 1183 1705 postquam
1210 1647 1430 1705 sapphicis
1458 1649 1665 1702 narrauit,
1695 1647 1751 1691 ad
1777 1647 1964 1692 reditum
1993 1648 2306 1692 celebrandum
2323 1649 2502 1692 Theba-

129 1731 213 1760 nos
248 1715 508 1760 adhortatur
533 1715 777 1774 glyconeis.
822 1715 1018 1759 similiter
1043 1716 1275 1774 Hippolyti
1308 1716 1448 1759 forma
1488 1717 1740 1760 celebratur
1765 1716 1933 1760 Phaed.
1969 1717 2014 1759 II
2050 1718 2236 1775 primum
2280 1717 2499 1776 sapphicis

132 1785 296 1830 deinde
333 1784 640 1843 asclepiadeiS,
679 1784 754 1827 ubi
780 1785 852 1841 qui
878 1785 1127 1843 interpositi
1161 1780 1261 1829 sunt
1294 1785 1494 1829 alcmanii
1529 1786 1708 1829 forsitan
1742 1785 2004 1829 remouendi
2030 1787 2128 1829 sint.
2202 1788 2323 1829 Raro
2352 1793 2499 1844 partes

128 1855 231 1899 illae
269 1853 458 1898 diuersis
492 1852 641 1897 metris
679 1863 863 1897 ornatae
898 1854 1254 1911 aequabilitatem
1293 1855 1550 1898 ostendunt.
1629 1855 1778 1898 Voluit
1810 1854 2001 1898 fortasse
2037 1870 2131 1897 eam
2159 1863 2294 1913 poeta
2321 1854 2501 1898 efficere

129 1922 253 1968 Med.
279 1924 327 1966 1:
372 1923 433 1966 19
461 1922 564 1965 ascl.
596 1923 655 1965 18
694 1921 811 1980 glyc.
843 1924 899 1965 17
932 1922 1036 1965 ascl.
1065 1939 1178 1980 quos
1204 1932 1452 1981 sequuntur
1478 1926 1506 1967 6
1533 1924 1791 1977 hexametri,
1818 1931 1953 1980 atque
1979 1924 2223 1966 inuenimus
2248 1923 2289 1966 in
2318 1923 2432 1966 Oed.
2459 1923 2504 1965 ΙΙ

129 1991 279 2052 legem
306 1989 528 2049 quandam
554 1989 912 2034 hexametrorum
939 1991 1098 2049 quibus
1127 1991 1302 2035 diuersa
1327 1993 1399 2035 illa
1426 2001 1564 2036 metra
1590 1993 1901 2035 discernuntur
1926 1999 2058 2050 atque
2084 1993 2406 2051 cinguntur—
2426 1991 2502 2048 qui

131 2068 281 2105 autem
323 2058 571 2117 interpositi
609 2067 712 2102 sunt
747 2060 945 2118 sapphici
982 2060 1209 2118 anapaesti
1246 2061 1445 2104 alcmanii
1482 2061 1644 2105 nullam
1678 2062 1854 2104 omnino
1890 2060 2133 2104 ostendunt
2169 2061 2339 2119 legem,
2385 2075 2502 2117 quae

131 2129 264 2174 etiam
292 2128 573 2172 desideratur
598 2128 638 2171 in
668 2126 860 2171 Medeae
886 2129 1078 2172 carmine
1105 2130 1279 2187 magico
1308 2137 1352 2173 et
1378 2129 1454 2173 Hs.
1483 2130 1552 2173 111
1569 2127 1622 2186 ⁴).

273 2216 488 2274 Superest
525 2222 572 2257 ut
597 2214 806 2272 strophae
835 2215 901 2258 uel
929 2215 1207 2273 stropharum
1236 2216 1501 2258 mentionem
1527 2215 1738 2259 faciamus
1766 2231 1880 2273 quae
1907 2214 2112 2258 Phaedra
2141 2231 2177 2258 c.
2205 2215 2295 2257 1111
2327 2221 2503 2257 senten-

131 2285 214 2329 tias
234 2284 484 2343 anapaestis
507 2298 739 2340 expressas
762 2283 946 2327 elatiore
968 2299 1079 2327 sono
1102 2300 1153 2327 ac
1173 2284 1476 2327 festiuioribus
1496 2285 1644 2327 uerbis
1664 2292 1890 2342 repetunt,
1912 2299 2021 2342 quas
2044 2293 2290 2341 sequuntur
2310 2284 2505 2340 quinque

130 2352 331 2413 sapphici
356 2353 515 2410 quibus
542 2350 664 2409 quod
692 2360 822 2395 antea
850 2352 1011 2396 chorus
1040 2352 1212 2396 dixerat
1240 2352 1295 2396 de
1316 2352 1492 2397 fortuna
1518 2353 1900 2396 infideliTheseae
1928 2353 2083 2396 domus
2105 2352 2307 2410 exemplo
2329 2352 2502 2410 probat.

271 2439 322 2482 In
358 2439 512 2482 mediis
542 2438 752 2494 epe'sodivs
783 2452 884 2481 raro
922 2439 1113 2482 carmina
1150 2448 1251 2482 sunt
1287 2439 1505 2482 collocata
1540 2446 1675 2496 atque
1711 2455 1763 2482 ea
1800 2439 2060 2496 plerumque
2095 2439 2261 2482 breuia.
2344 2437 2505 2480 desunt

130 2509 309 2552 omnino
344 2507 386 2550 in
413 2506 613 2551 Hercule
638 2506 814 2550 furente
849 2514 894 2550 et
920 2506 1150 2562 Phaedra,
1193 2509 1367 2564 singula
1402 2515 1505 2551 sunt
1538 2508 1577 2551 in
1616 2507 1870 2551 Troadibus
1905 2508 1999 2567 (ΙΙΙ
2026 2507 2141 2551 med.
2168 2505 2503 2551 Andromachae

250 2651 282 2704 ¹)
313 2655 429 2692 Ouidii
469 2666 500 2692 u.
537 2651 617 2691 194
658 2654 801 2706 uiuacig
824 2665 952 2691 cornua
984 2655 1080 2691 cerui
1111 2651 1195 2691 200
1226 2665 1355 2691 cornua
1394 2655 1484 2691 uidit
1521 2654 1556 2691 in
1586 2656 1688 2692 undis
1721 2651 1800 2691 174
1841 2656 1934 2692 Ecce
1973 2666 2084 2702 nepos
2116 2653 2234 2690 Cadmi
2272 2653 2335 2700 (er.
2365 2664 2399 2689 u.
2425 2649 2506 2689 135

133 2709 232 2761 138)
276 2708 355 2748 162
394 2711 459 2748 Hic
491 2711 555 2747 dea
587 2711 751 2747 siluarum
782 2716 909 2748 uenatu
943 2710 1035 2748 fessa
1067 2712 1207 2748 solebat
1236 2711 1428 2758 Virgineos
1459 2716 1554 2748 artus
1584 2711 1717 2759 liquido
1748 2711 1961 2759 perfundere
1991 2722 2084 2748 rore.
2149 2707 2228 2747 153
2259 2710 2394 2746 nodosa
2423 2708 2509 2746 lina.

130 2764 215 2806 253
246 2769 311 2804 dea
342 2768 533 2805 uiolentior
563 2779 689 2814 aequo.

252 2830 290 2885 2)
320 2835 503 2872 inuocatio
619 2835 695 2871 Huc
724 2834 811 2871 ades
841 2855 894 2862 --
1014 2834 1142 2871 Bacchi
1175 2835 1283 2872 forma
1316 2838 1352 2871 et
1382 2835 1495 2872 cultus
1612 2835 1751 2871 Silenus
1857 2835 2061 2871 Bassarides
2167 2836 2229 2871 Ino
2261 2838 2297 2870 et
2327 2828 2512 2870 Palaemon

343 2890 370 2931 2
399 2892 482 2928 hex.
598 2888 624 2927 2
650 2892 815 2939 strophae
848 2890 900 2940 (?)
973 2887 1025 2928 16
1042 2887 1094 2940 (?)
1126 2891 1284 2938 sapphici
1317 2902 1394 2927 cum
1424 2891 1552 2928 adonio
1612 2890 1638 2931 3
1666 2893 1749 2928 hex.
1862 2888 1915 2927 25
1947 2903 2048 2938 anap.
2255 2889 2282 2929 4
2312 2891 2395 2927 hex,

202 2947 372 2992 Tyrrheni
558 2947 778 2995 Massagetes
894 2946 1019 2984 Victor
1050 2948 1207 2983 Bacchus
1323 2947 1566 2996 Sempiternus
1596 2948 1703 2993 Lyaei
1734 2948 1860 2984 cultus.

134 2999 188 3040 19
202 3002 253 3052 (?)
284 3002 443 3040 alcmanii
601 3003 625 3043 5
655 3005 736 3040 hex.
915 3000 963 3040 31
1001 3015 1126 3040 uersus
1144 3002 1194 3052 (?)
1517 3003 1542 3043 6
1573 3005 1655 3040 hex.

254 3066 292 3121 3)
325 3069 577 3118 comprecatur
605 3071 734 3108 ferales
765 3072 853 3109 deos
957 3071 1086 3108 tnuitat
1114 3071 1280 3108 Phoeben
1467 3072 1545 3119 lpsa
1576 3082 1674 3108 sacra
1706 3076 1742 3108 et
1772 3070 1941 3107 ueneficia
2122 3069 2259 3107 Triuiae
2291 3067 2480 3106 incantatio

422 3122 473 3163 12
504 3128 618 3164 troch.
647 3131 730 3165 tetr.
967 3125 1021 3165 19
1053 3128 1144 3165 trim.
1177 3127 1278 3167 iamb.
1342 3124 1366 3163 8
1399 3127 1550 3166 disticha
1582 3127 1688 3175 (trim.
1721 3139 1798 3163 cum
1821 3127 1901 3163 dim.
1926 3126 2048 3175 iamb.)
2111 3123 2192 3164 109
2223 3137 2321 3174 anap.
2354 3135 2505 3163 monom.

247 3190 290 3243 Δ4)
321 3192 374 3231 45
406 3194 565 3242 sapphici
596 3190 651 3231 20
681 3195 862 3243 glyconei.
