2690 3536
0 0 178 89 w

92 59 107 68 '—
123 42 144 66 ,⁶

0 95 3 97 .
32 69 104 111 λζ*

0 119 19 124 ,,
36 113 52 121 Ο
74 105 91 124 ο,

0 126 4 133 ·
29 131 62 155 ..ι

35 153 58 161 .-

2 171 27 188 ‘-

1340 133 1368 175 5

307 291 374 352 (ί)
420 290 674 335 Discedunt
707 290 872 334 deiude
907 290 963 333 de
991 305 1031 332 u.
1060 292 1158 334 855
1195 290 1426 334 Troadum
1464 289 1692 333 Schmidtii
1731 298 1776 333 et
1810 290 2013 334 Muelleri
2047 292 2309 346 sententiae,
2354 308 2543 349 quorum

171 361 283 405 alter
316 376 357 418 p.
399 361 459 403 13
504 363 579 402 cui
618 375 792 418 semper
834 374 932 402 esse
975 359 1322 415 monosyllabum
1366 358 1620 412 contendit,
1666 358 1778 402 alter
1813 376 1855 418 p.
1893 360 1991 403 269
2065 360 2288 404 quenalis
2334 360 2432 420 (ΠΙ
2478 364 2542 405 49

168 430 256 474 VII
282 427 408 487 211)
448 428 659 471 Martialis
685 427 830 486 (apud
857 443 988 485 quem
1016 436 1176 485 quater
1201 427 1368 485 legitur
1404 428 1498 470 cui'
1529 427 1701 471 duabus
1728 427 1934 488 syllabis)
1985 429 2114 471 Statii
2141 428 2233 487 (bis
2270 429 2397 472 hui'c
2432 430 2542 473 dua·

166 498 252 541 hus
277 496 402 556 syll.)
430 497 633 540 uersibus
670 496 839 539 duabus
875 496 1053 553 syllabis
1089 502 1164 538 ειη·
1195 496 1478 553 pronunciari
1514 511 1648 552 posse
1686 495 1806 540 dicit.
1880 496 2140 540 Addendum
2177 507 2272 541 erat
2306 501 2327 540 τ’
2354 498 2462 542 illud
2489 500 2544 542 ab

169 566 344 624 origine
378 565 617 623 simplicem
652 581 731 623 per
768 581 816 608 se
852 565 989 608 fuisse
1025 564 1250 615 uocalem,
1296 564 1375 607 sed
1411 572 1568 622 postea
1596 580 1694 607 cum
1730 581 1757 607 u
1789 565 2126 623 pronunciando
2152 566 2192 608 in
2222 565 2543 626 diphthongum

170 634 408 686 coaluisse,
447 633 550 677 nihil
575 634 713 692 igitur
739 635 934 686 obstare,
972 649 1107 690 quum
1135 642 1180 676 et
1206 634 1466 690 posterioris
1494 633 1703 691 temporis
1730 642 1958 691 praestent
1983 635 2198 692 exempla,
2242 637 2476 693 quominus
2496 636 2542 679 in

169 703 399 748 Troadum
426 718 559 746 uersu
584 703 626 745 in
655 703 844 761 priorem
873 702 1058 745 rediisse
1083 711 1244 745 statum
1270 711 1487 759 putemus.
1558 702 1694 745 Errat
1720 711 1863 745 autem
1890 704 2092 756 Mueller,
2118 705 2155 746 si
2180 703 2311 747 etiam
2336 706 2422 763 Ag.
2448 706 2543 748 146

169 776 246 816 cui
275 772 536 829 disyllabum
573 788 671 815 esse
706 771 938 814 contendit
976 779 1021 814 et
1056 771 1158 812 elidi
1197 771 1398 814 uocalem
1434 776 1451 813 e·
1486 780 1587 814 ante
1621 786 1780 814 uocem
1817 787 1932 829 quae
1968 780 2037 814 est
2072 774 2239 816 ultima.
2313 773 2453 815 Immo
2488 789 2544 816 ne

170 855 351 899 prorsus
387 840 645 883 debilitetur
682 856 767 882 uox
803 840 889 883 hoc
924 840 1023 882 loco
1063 839 1190 897 plena
1227 839 1504 898 diphthongo
1533 841 1811 883 enunciatum
1840 841 1940 883 mihi
1969 840 2146 883 uidetur
2171 856 2195 882 a
2222 843 2433 884 Romanis
2460 842 2543 884 sic:

170 905 263 952 effi
290 909 438 953 ultima
466 919 534 952 est
558 909 748 961 fortuna,
777 909 883 966 quid
911 908 1086 951 dubiam
1114 909 1271 951 timet?

310 1001 388 1060 (e)
441 1003 627 1044 Restant
662 1016 814 1044 uersus
852 1000 892 1042 ei
924 1002 965 1042 in
1002 1000 1162 1056 quibus
1191 1001 1326 1044 Troia
1362 1001 1421 1043 ita
1448 1000 1641 1058 positum
1668 1008 1760 1053 est,
1808 1008 1854 1043 ut
1881 1001 1961 1043 nisi
1987 1001 2126 1044 tribus
2152 1001 2329 1058 syllabis
2357 1010 2545 1055 constet,

172 1086 328 1114 uersus
362 1070 419 1113 sit
444 1069 640 1112 claudus.
712 1070 814 1112 Non
850 1084 905 1111 eo
941 1069 1165 1125 pertinent
1199 1068 1311 1112 haec
1348 1069 1550 1127 exempla
1594 1085 1683 1126 quo
1712 1069 1980 1112 Schmidtius
2015 1070 2166 1127 posuit
2201 1086 2239 1127 p.
2278 1071 2355 1112 16.
2430 1071 2545 1113 Nam

168 1139 210 1182 in
235 1139 401 1182 Troiae
428 1139 601 1180 nomine
628 1141 647 1179 ι’
673 1138 727 1179 ab
756 1137 929 1195 origine
956 1152 1042 1180 non
1071 1146 1139 1180 est
1166 1153 1431 1191 consonans,
1458 1137 1538 1180 sed
1567 1137 1732 1180 uocalis
1759 1153 1871 1195 quae
1898 1138 2031 1180 modo
2060 1153 2139 1196 per
2164 1154 2213 1180 se
2239 1145 2417 1196 poterat
2442 1153 2544 1196 pro·

167 1207 382 1260 nunciari,
408 1206 542 1249 modo
571 1222 670 1249 cum
696 1223 718 1247 ο
750 1204 1051 1263 praecedente
1080 1205 1403 1265 diphthongum
1432 1204 1628 1249 efficere.
1679 1205 1797 1250 Nihil
1823 1207 1959 1265 igitur
1984 1207 2219 1265 impediret
2244 1207 2478 1264 quominus
2502 1206 2544 1249 in

169 1275 400 1337 Troadum
429 1291 469 1318 u.
497 1277 596 1318 419
624 1275 764 1332 qualis
792 1283 858 1318 est
883 1275 924 1317 in
953 1274 1145 1332 uulgatis

831 1356 963 1398 Tunc
989 1355 1148 1397 obruta
1174 1363 1309 1411 atque
1336 1369 1496 1397 euersa
1523 1356 1658 1398 Troia
1686 1354 1882 1398 concidit

168 1450 268 1478 cum
294 1434 482 1478 Daniele
509 1435 694 1478 Heinsio
721 1436 859 1478 'l‘r0·1·a
885 1435 1174 1490 τρισυλλάβως
1199 1434 1454 1493 legeremus
1487 1450 1571 1487 „ne
1607 1435 1647 1477 in
1676 1450 1779 1477 suas
1806 1443 1967 1494 peccet
1991 1434 2117 1493 leges
2146 1436 2364 1488 Seneca‘·,
2398 1435 2477 1477 nisi
2503 1435 2545 1477 in

167 1504 364 1548 Etrusco
401 1513 521 1546 esset
554 1505 834 1560 quodcunque
859 1504 1037 1546 accidit.
1112 1503 1203 1546 Sed
1232 1503 1414 1547 alteram
1441 1504 1483 1544 in
1511 1504 1672 1546 nostris
1701 1505 1902 1546 uersibus
1929 1502 2126 1546 adhibuit
2151 1512 2282 1562 poeta
2310 1503 2544 1555 licentiam,

169 1582 218 1616 ut
243 1573 489 1630 corriperet
515 1574 644 1615 etiam
672 1581 824 1615 contra
853 1589 978 1615 usum
1005 1590 1026 1614 ο
1055 1572 1269 1624 uocalem‚
1298 1572 1423 1614 cuius
1449 1572 1514 1614 rei
1541 1574 1713 1614 ueniam
1742 1588 1794 1615 ex
1822 1587 1987 1631 graeca
2015 1588 2127 1614 uoce
2148 1574 2280 1628 Τροία
2307 1573 2546 1629 sumpsisse

171 1642 349 1684 uidetur
371 1639 420 1697 ³).
1487 1645 1490 1648 '

306 1721 537 1763 Accedunt
563 1720 660 1763 alia.
738 1721 911 1763 Minime
951 1729 1019 1763 est
1054 1721 1264 1763 credibile
1303 1729 1576 1763 contractum
1605 1720 1827 1777 dactylum
1857 1735 2070 1777 nusquam
2097 1720 2335 1763 adhibitum
2363 1735 2547 1777 usurpa-

166 1798 258 1832 tum
296 1789 431 1832 luisse
466 1805 491 1831 a
524 1797 658 1847 poeta
686 1790 888 1832 uersibus
928 1789 1101 1831 duobus
1141 1805 1239 1831 sese
1274 1790 1418 1831 statim
1455 1789 1772 1846 excipientibus
1801 1790 1931 1840 (Tro.
1961 1791 2056 1833 855
2088 1791 2185 1832 856
2222 1790 2544 1845 cuicunque

172 1859 417 1915 Troiae)
455 1873 601 1915 neque
628 1859 758 1900 etiam
783 1858 978 1901 solutum
1006 1858 1141 1900 fuisse
1170 1859 1233 1900 bis
1269 1858 1308 1900 in
1338 1858 1513 1900 duobus
1550 1858 1885 1914 insequentibus
1921 1858 2117 1900 uersibus
2153 1857 2400 1915 spondeum
2439 1874 2544 1900 nun·

168 1942 299 1983 quam
325 1926 690 1984 solutum(11ipp.
707 1928 804 1969 286
824 1928 919 1970 288
949 1928 1097 1983 Hesp
1115 1928 1274 1979 erias,
1300 1926 1667 1984 Parrhasiae)
1691 1926 1855 1968 uiolato
1881 1927 2024 1968 statim
2053 1926 2188 1968 altera
2215 1926 2286 1967 illa
2311 1926 2545 1983 sapphico·

166 2009 262 2038 rum
292 1995 393 2052 lege
421 1995 596 2050 (u.987
628 1995 925 2053 subiecta).
964 1996 1065 2037 Non
1094 2003 1239 2037 tamen
1266 2002 1418 2037 tacere
1446 1995 1549 2036 uolo
1579 1996 1748 2037 cautius
1778 1994 1833 2037 de
1859 1995 1923 2036 his
1953 1995 2152 2037 uersibus
2180 1994 2319 2036 uideri
2347 1994 2543 2036 iudican-

169 2063 285 2115 dum,
321 2079 453 2119 quum
483 2062 677 2105 nondum
706 2064 761 2106 sit
786 2064 891 2106 satis
919 2063 1197 2120 exploratum
1223 2078 1338 2119 quae
1376 2062 1626 2106 intercedat
1651 2064 1764 2106 inter
1783 2064 2023 2106 Etruscum
2052 2062 2252 2106 codicem
2281 2071 2326 2106 et
2346 2063 2543 2120 uulgaris

167 2132 300 2175 libros
321 2131 555 2174 diuersitas
576 2147 691 2188 quae
710 2148 764 2174 ne
786 2132 871 2174 hoc
893 2132 1067 2188 quidem
1091 2132 1192 2174 loco
1217 2133 1299 2174 erit
1319 2131 1619 2190 neglegenda.
1658 2132 1848 2190 Legitur
1871 2133 1981 2174 enim
2004 2132 2043 2174 in
2069 2132 2326 2190 uulgaribus
2348 2131 2464 2174 libris
2478 2128 2542 2190 ⁴·'):

882 2213 1097 2268 Quaeque
1125 2211 1180 2253 ad
1207 2227 1386 2254 occasus
1411 2211 1526 2254 iacet
1552 2227 1627 2254 ora
1653 2228 1771 2254 seros

735 2299 800 2332 et:
875 2292 921 2333 Si
950 2306 1036 2348 qua
1065 2295 1243 2333 maioris
1268 2291 1467 2349 glacialis
1496 2306 1624 2333 ursae

167 2371 307 2428 possit
333 2371 462 2413 etiam
491 2371 532 2412 H
550 2371 796 2428 esperias
824 2379 972 2413 natum
1000 2388 1099 2414 esse
1126 2387 1150 2413 e
1179 2387 1292 2413 uoce
1318 2376 1552 2413 extremas.

305 2450 498 2493 Grauius
530 2459 835 2508 argumentum
872 2462 938 2494 est
975 2451 1096 2508 quod
1135 2451 1323 2493 Mueller
1358 2459 1481 2493 recte
1517 2450 1622 2493 dicit
1661 2452 1879 2493 Senecam
1929 2450 2128 2506 aliosque
2165 2449 2397 2492 latinorum
2443 2458 2543 2506 post

164 2519 403 2562 Horatium
439 2528 669 2577 poetarum
708 2519 847 2562 minus
886 2520 966 2562 sihi
1002 2519 1253 2577 permisisse
1292 2534 1420 2576 quam
1458 2521 1599 2577 ipsum
1637 2519 1871 2561 Horatium
1918 2517 2001 2575 (cf.
2040 2518 2094 2560 de
2129 2518 2407 2561 seuerissima
2443 2518 2540 2560 lima

286 2697 317 2751 ¹)
348 2700 394 2738 cf.
426 2701 563 2747 Roeper
592 2700 626 2736 in
658 2701 842 2747 Philologo
874 2701 984 2736 XVlll
1015 2698 1161 2750 (1561)
1194 2713 1229 2748 p.
1261 2698 1365 2736 363:
1418 2728 1442 2744 „
1457 2701 1520 2735 Die
1552 2701 1737 2746 aussosung
1767 2701 1891 2736 Troiae
1923 2701 1981 2735 hat
2011 2701 2086 2735 ihre
2116 2700 2277 2745 analogie
2310 2701 2342 2735 in
2374 2701 2440 2735 den
2473 2701 2540 2735 be-

166 2758 318 2793 kannteu
349 2758 453 2792 Caius
483 2757 551 2792 und
583 2758 735 2802 Achaia,
774 2756 888 2792 sowie
920 2758 952 2792 in
984 2758 1052 2792 den
1084 2768 1152 2792 von
1193 2757 1257 2792 mir
1287 2757 1388 2792 Varr.
1422 2757 1565 2792 Euinen.
1598 2758 1627 2792 ll
1658 2769 1692 2803 p,
1725 2753 1776 2792 37
1818 2757 2138 2802 nachgewieseneu
2178 2759 2280 2791 Seius
2320 2758 2385 2791 und
2426 2761 2538 2801 peius.

149 2814 230 2849 0Die
261 2815 365 2859 lange
396 2814 459 2848 der
489 2818 606 2849 ersten
638 2813 728 2848 silbe
760 2814 891 2849 erklart
922 2814 997 2848 sich
1029 2814 1220 2860 genugend
1251 2824 1312 2848 aus
1344 2814 1407 2848 der
1437 2814 1546 2848 durch
1579 2813 1636 2848 die
1669 2813 1884 2859 schreibung
1912 2813 2026 2849 Troiia
2058 2813 2279 2848 hekundetcu
2312 2813 2539 2858 aussprache‚

166 2871 259 2905 ohne
298 2871 381 2905 dass
420 2881 495 2905 man
534 2881 575 2904 zu
615 2870 693 2904 dem
734 2870 980 2916 pindarischen
1015 2871 1140 2913 Τρωΐσι
1171 2870 1270 2905 seine
1301 2870 1454 2905 zussucht
1484 2881 1525 2904 zu
1557 2870 1705 2905 nehmen
1737 2870 1925 2913 brauchte,
1972 2869 2137 2915 obgleich
2170 2869 2256 2903 ancli
2289 2869 2352 2905 der
2382 2869 2539 2904 umsiand

166 2926 291 2969 sehon,
322 2926 404 2961 dass
436 2938 511 2961 man
543 2925 639 2961 nicht
660 2927 770 2961 Troea
801 2926 953 2961 sondern
986 2926 1087 2962 Troia
1118 2930 1235 2972 sagte‚
1268 2926 1323 2961 ein
1355 2926 1601 2972 iiber-geniem
1633 2926 1696 2961 des
1717 2926 1887 2961 0-lautes
1918 2926 2082 2970 bezeugt.
2110 2944 2157 2950 —
2189 2925 2324 2959 Seneca
2354 2925 2434 2960 Tro.
2457 2921 2539 2960 824

168 2979 250 3017 855
290 2982 323 3017 in
359 2984 482 3029 sapph.
525 2976 713 3017 hendecas.
747 2983 871 3019 Troiae
911 2983 1050 3018 sclieint
1089 2983 1167 3018 eine
1207 2982 1442 3028 gracistische
1481 2993 1684 3028 neuerung,
1734 2983 1870 3018 wol'ern
1910 2993 1949 3017 ei·
1987 2981 2062 3016 sich
2095 2981 2191 3016 nieht
2221 2981 2354 3016 erlaubt
2386 2982 2455 3023 hat,
2487 2981 2541 3017 fiir

167 3039 235 3073 den
273 3038 433 3082 dactylus
471 3039 558 3085 (wie
596 3039 719 3074 Catull.
743 3036 816 3088 LV)
850 3039 916 3074 den
948 3039 1128 3085 spondeus
1160 3050 1200 3074 zu
1232 3040 1471 3085 gebrant-hen.
1534 3040 1624 3074 deun
1656 3040 1742 3073 auch
1775 3050 1807 3074 v.
1841 3036 1922 3074 855
1958 3042 2162 3083 cuicumque
2194 3042 2306 3072 terrae
2338 3037 2451 3072 dorne
2483 3037 2538 3072 ein

165 3094 392 3140 viersilbiges
423 3095 617 3140 cuicunque
648 3096 739 3130 ohne
771 3096 900 3130 {meres
931 3095 1079 3142 hcispiel
1111 3095 1228 3130 sein.‘²

284 3168 323 3222 2)
356 3173 615 3219 Hesperias.
634 3179 823 3209 ..metas
855 3174 1035 3218 Etruscus,
1070 3174 1265 3219 melisseus,
1299 3174 1378 3220 biga
1411 3172 1652 3209 Pazatinomm.
1693 3172 1947 3208 Parrhasiae
1978 3172 2091 3207 nullus
2113 3172 2340 3208 Palatium-um
2363 3171 2536 3207 codicum.
